2063 3494
1024 106 1086 158 61

175 270 447 336 libertatem
475 266 837 327 arbitriumque,
879 266 1187 328 quodcunque
1219 264 1476 326 placuerit,
1516 265 1724 315 faciundi
1762 269 1940 328 praeci-

178 363 314 399 suros
355 362 411 396 ac
445 350 574 396 totos
603 347 652 396 iu
685 347 865 397 ditione
909 345 1151 395 oratorum
1191 344 1379 394 futuros
1423 359 1538 394 esse.
1615 347 1736 395 Nam
1770 362 1939 397 unum-

175 440 407 491 quemque
438 427 673 487 privatum
707 427 941 475 hominem
985 427 1033 474 in
1080 426 1232 473 libera
1262 426 1456 474 civitate
1496 430 1736 487 tamquam
1780 441 1940 488 regem

176 522 279 558 esse
311 506 496 567 legibus
531 511 580 554 et
611 507 714 555 iure
744 506 967 566 suffragii.
1034 506 1165 563 Quae
1186 506 1227 553 si
1249 506 1353 566 quis
1379 506 1578 555 aliarum
1611 521 1770 555 rerum
1795 521 1939 556 causa

173 588 370 649 prodat,
403 599 511 634 eum
543 587 694 646 ipsum
730 600 869 635 suum
901 600 1100 646 regnum
1128 586 1406 647 prodidisse.
1480 587 1632 636 Huius
1675 589 1938 636 sententiae

175 668 314 717 simili
350 666 501 714 utitur
532 666 877 714 Demosthenes
918 667 967 714 in
1000 667 1214 714 oratione
1257 671 1422 715 contra
1463 668 1833 729 Aristocratem,
1886 668 1935 716 in

173 749 274 797 loco
306 747 564 797 continenti
596 732 710 795 cum'
724 746 817 808 illo,
849 742 988 808 quem
1012 760 1153 808 supra
1180 748 1488 808 attulimus¹).
1535 748 1678 797 Cuius
1702 762 1934 797 summam

170 828 246 876 hic
275 827 483 875 indicare
515 827 684 887 placet.
752 827 975 885 Queritur
1008 832 1193 888 orator,
1243 829 1475 876 honorum
1516 830 1610 876 vim
1647 832 1698 877 et
1731 830 1936 878 auctori-

170 911 317 955 tatem
351 907 491 955 valde
522 907 815 955 imminutam
847 921 979 968 esse„
1032 907 1179 956 Cuius
1221 909 1288 955 rei
1331 922 1524 956 causam
1563 923 1667 957 esse
1700 909 1933 970 quendam

168 987 370 1035 iudicum
404 987 695 1046 languorem,
729 988 809 1048 qui
832 1001 861 1034 a
894 987 1027 1035 nullo
1061 987 1259 1048 amplius
1297 1001 1471 1048 poenas
1507 992 1728 1048 expetere
1758 989 1933 1049 velint3

172 1070 339 1115 contra
373 1066 657 1113 laudandam
692 1080 795 1114 esse
822 1067 1053 1115 maiorum
1094 1068 1142 1114 in
1174 1067 1429 1115 iudicando
1463 1069 1788 1135 severitatem,
1837 1082 1933 1129 qua

168 1147 435 1207 contigerit,
468 1151 522 1194 ut
551 1150 665 1195 tune
698 1160 883 1195 summo
923 1147 1038 1195 flore
1070 1148 1236 1196 civitas
1271 1152 1498 1196 uteretur.
1546 1149 1677 1197 Tunc
1706 1150 1930 1209 populum

166 1227 311 1275 fuisse
341 1240 518 1286 eorum,
553 1226 632 1287 qui
652 1226 711 1275 ad
732 1227 1064 1288 rempublicam
1091 1228 1383 1288 accederent,
1419 1228 1654 1288 dominun,
1685 1242 1806 1277 nunc
1828 1242 1932 1276 esse

167 1307 419 1354 eorundem
450 1308 734 1354 ministrum.
799 1308 931 1354 Haec
962 1308 1108 1367 igitur
1130 1308 1254 1354 ratio
1276 1321 1370 1354 non
1404 1309 1473 1354 ita
1503 1308 1620 1355 levis
1649 1307 1809 1367 fuisse,
1845 1308 1930 1355 sed

166 1386 225 1433 ad
261 1386 480 1434 timorem
515 1386 815 1434 iniiciendum
850 1390 961 1447 apte
993 1386 1257 1447 composita
1292 1386 1501 1447 videtur,
1538 1387 1586 1435 id
1626 1387 1750 1448 quod
1786 1388 1930 1435 etiam

162 1470 300 1513 vetus
336 1471 585 1514 enarrator
618 1466 678 1513 ad
711 1466 834 1513 hunc
866 1460 1018 1514 locum
1054 1466 1128 1513 his
1165 1466 1318 1514 verbis
1352 1467 1575 1514 adnotat:
1609 1466 1671 1524 „6
1704 1465 1933 1526 δεύτερος

110 1548 114 1550 “
163 1543 317 1600 τόπος
358 1548 457 1592 τῶν
499 1544 738 1606 ἐπιλόγων
778 1546 1031 1607 εἴργασται
1074 1545 1213 1607 αὐτῷ
1255 1546 1481 1608 ἐκφοβῶν
1533 1546 1647 1601 τούς
1694 1546 1932 1602 δικαστάς

162 1626 437 1689 α’συμᾳόρῳ
470 1626 666 1687 διττῷ“.
752 1627 876 1675 Illud
910 1627 1035 1674 enim
1069 1625 1300 1687 δεύτερον
1332 1625 1627 1689 ἀσύμφορον
1660 1632 1756 1687 est,
1801 1627 1929 1687 quod

160 1707 414 1755 Aeschines
451 1707 508 1754 de
543 1707 850 1755 iureiurando
883 1707 1058 1755 iudices
1090 1711 1363 1767 commonet,
1396 1708 1521 1767 quod
1554 1708 1595 1754 si
1630 1708 1926 1776 violaverint,

161 1788 449 1835 conscientia
489 1781 633 1834 animi
682 1801 764 1835 eos
805 1787 1125 1835 excruciatum
1166 1788 1245 1846 iri,
1303 1787 1566 1834 denuntiat·
1625 1800 1774 1846 neque
1815 1801 1925 1835 vero

158 1867 303 1915 ullam
339 1867 594 1914 utilitatem
626 1867 947 1927 peierantibus
980 1866 1103 1928 fore,
1138 1866 1289 1927 quod,
1331 1867 1371 1915 si
1404 1867 1509 1927 quis
1543 1866 1683 1914 alicui
1717 1867 1924 1926 periurio

160 1946 460 2006 gratificatus
494 1949 582 2005 sit,
611 1947 835 2007 quoniam
865 1946 1093 2007 suffragia
1126 1947 1305 1995 occulte
1336 1946 1571 2006 ferantur,
1598 1946 1764 1994 lateat.
1805 1947 1925 1995 Tum

160 2026 517 2075 Atheniensium
568 2028 793 2074 incuriam
842 2027 1069 2088 castigat,
1133 2027 1284 2087 quod,
1335 2041 1458 2087 quae
1510 2026 1780 2075 firmissima
1827 2028 1925 2075 sint

156 2107 464 2157 fundamenta
485 2107 736 2168 libertatiS,
764 2108 1003 2168 perversis
1027 2111 1077 2155 et
1097 2107 1354 2155 audacibus
1376 2107 1644 2155 orat-oribus
1668 2107 1925 2155 evertenda

158 2189 297 2249 dent,
329 2190 424 2249 qui,
457 2189 548 2236 nisi
583 2189 768 2238 iudiciis
800 2187 1043 2236 inferiores
1067 2191 1180 2248 sint,
1210 2188 1458 2248 imperium
1492 2187 1717 2248 populare
1754 2188 1922 2235 tollere

158 2270 399 2330 studeant,
432 2271 629 2330 eiusque
660 2270 727 2317 rei
759 2269 944 2329 insigne
976 2269 1240 2329 exemplum
1274 2268 1413 2316 affert
1446 2268 1693 2329 imperium
1726 2269 1926 2329 triginta

156 2353 494 2411 tyrannorum,
548 2363 751 2410 quorum
793 2342 1058 2396 'maximam
1112 2350 1330 2397 iniuriam
1380 2363 1436 2396 ac
1481 2349 1812 2397 crudelitatem
1858 2349 1921 2396 ad

152 2431 357 2479 iudicum
391 2431 570 2478 animos
605 2430 755 2490 magis
787 2428 1125 2490 permovendos
1159 2430 1315 2477 verbis
1350 2430 1576 2490 depingit.

279 2511 432 2568 Quum
466 2525 520 2558 ex
557 2511 614 2558 iis
646 2510 877 2575 omnibuS,
910 2523 1032 2570 quae
1050 2523 1197 2570 usque
1224 2510 1285 2557 ad
1313 2510 1436 2557 hunc
1463 2510 1617 2557 locum
1645 2508 1920 2569 persequuti

153 2606 329 2653 sumus,
365 2595 465 2639 tum
498 2591 696 2638 maxime
726 2603 782 2637 ex
814 2589 888 2650 iis,
922 2602 1043 2649 quae
1069 2590 1256 2649 reliqua
1281 2593 1404 2650 sunt,
1437 2589 1604 2649 elucet,
1638 2587 1919 2636 Aeschinem

151 2674 308 2734 ipsum
349 2686 533 2720 summa
577 2671 721 2719 animi
766 2670 1124 2732 perturbatione
1160 2671 1402 2719 incitatum
1450 2670 1636 2718 dixisse.
1714 2668 1916 2715 Tantam

151 2756 259 2814 vim,
290 2758 479 2801 tantum
501 2748 742 2812 impetum,
772 2755 956 2799 tantum
979 2751 1487 2799 vehementissimorum
1505 2749 1917 2810 gravissimorum-

150 2849 243 2895 que
267 2835 513 2882 verborum
546 2832 720 2880 flumen
755 2831 899 2879 habet
932 2834 1100 2890 orati0,
1132 2835 1185 2877 ut
1206 2832 1339 2878 nobis
1370 2831 1555 2890 quidem
1573 2828 1701 2876 haud
1724 2828 1916 2875 dubium

148 2930 252 2965 esse
284 2915 525 2974 videatur,
573 2912 687 2973 quin
728 2926 813 2960 suo
854 2910 1024 2959 ardore
1067 2910 1275 2959 iudicum
1307 2910 1486 2958 animos
1519 2910 1598 2957 ille
1632 2907 1913 2957 incenderit.

255 3085 294 3125 1)
327 3086 350 3130 5
376 3081 604 3131 204-2103
637 3078 686 3121 cf.
715 3091 755 3131 p,
784 3080 847 3120 54.
