2063 3494
1024 191 1095 241 22

169 349 481 408 gumentandi
522 349 757 398 rationem
803 350 865 397 ad
910 351 1163 399 veritatem
1206 354 1411 399 naturae
1450 352 1671 412 vitaeque
1709 349 1946 398 humanae

167 429 393 477 instituit.
460 428 579 487 Quis
612 434 686 478 est
720 430 858 489 enim,
890 430 966 478 cui
996 444 1101 478 cum
1139 431 1295 479 altero
1319 431 1377 478 de
1400 432 1568 491 quavis
1599 445 1652 480 re
1675 428 1943 491 disputanti

169 512 220 556 et
248 513 531 569 argumenta
550 509 813 556 adversarii
834 510 1068 557 refellenti
1094 525 1186 558 non
1210 511 1446 570 acciderit,
1480 515 1536 559 ut
1567 512 1623 572 is,
1658 512 1698 559 si
1725 510 1944 571 pertinax

170 592 299 636 esset
342 592 392 636 et
431 602 616 636 summo
651 589 812 636 studio
847 590 1224 638 concertationis
1260 590 1563 650 incitaretur,
1611 590 1794 638 nullum
1830 601 1943 636 vero

169 668 374 728 amplius
406 668 591 717 videret
637 674 994 730 argumentum,
1041 683 1136 730 quo
1179 670 1241 717 ad
1285 683 1420 718 suam
1455 670 1741 718 sententiam
1775 668 1943 717 confir-

169 749 392 797 mandam
427 749 501 797 uti
530 753 709 809 posset,
743 750 804 797 ad
835 750 1014 810 aliquid
1052 764 1232 809 eorum,
1267 764 1388 810 quae
1420 751 1515 798 iam
1549 749 1758 798 refutata
1790 753 1941 809 erant,

169 828 410 888 refugeret
442 828 603 889 idque,
654 830 841 877 etiamsi
872 830 1134 890 paullulum
1168 834 1425 890 mutatum,
1462 829 1616 878 denuo
1649 829 1945 890 opponeret?

170 908 320 957 Simul
352 913 512 957 autem
547 909 664 958 haec
706 911 832 956 ratio
864 910 924 956 ab
959 910 1189 958 Aeschine
1224 910 1391 958 callide
1423 909 1580 958 efficta
1611 913 1708 970 est,
1756 913 1812 956 ut
1837 909 1943 968 ipsa

169 988 325 1048 specie
367 989 629 1037 adversarii
673 1002 819 1037 causa
853 989 1049 1037 inferior
1090 1003 1215 1049 esse,
1266 993 1413 1050 atque
1446 989 1523 1038 hic
1562 989 1665 1049 ipse
1698 988 1943 1049 sophisten

170 1081 312 1128 agere
347 1068 605 1117 videretur.
674 1070 740 1117 Ac
763 1068 977 1129 profecto
1008 1069 1266 1118 Aeschines
1289 1072 1428 1117 tanta
1452 1070 1618 1118 virium
1641 1068 1943 1117 contentione

168 1149 496 1197 adversarium
531 1150 812 1209 compressit
845 1154 894 1197 et
927 1151 1216 1210 prostravit,
1261 1154 1318 1198 ut
1350 1151 1414 1207 is,
1458 1150 1583 1198 omni
1615 1151 1745 1197 iusta
1782 1149 1944 1197 defen-

167 1229 302 1277 sione
347 1229 589 1291 privatus,
641 1243 882 1291 perpauca
922 1234 1112 1279 tantum
1150 1230 1367 1291 haberet,
1409 1216 1533 1292 quae
1577 1229 1940 1290 contradiceret,

167 1313 235 1356 et.
258 1310 376 1357 haec
419 1311 608 1358 omnino
652 1311 770 1358 talia
823 1315 1006 1370 essent,
1057 1325 1181 1371 quae
1225 1312 1286 1358 ab
1329 1312 1409 1358 illo
1451 1312 1546 1358 iam
1590 1314 1736 1376 antea
1780 1313 1943 1357 essent

167 1388 393 1438 refutata.
458 1390 736 1450 Respondet
772 1391 896 1439 enim
932 1391 1302 1451 DemostheneS,
1345 1405 1528 1451 eorum,
1570 1405 1690 1451 quae
1735 1390 1797 1438 de
1841 1390 1941 1439 suis

165 1469 473 1517 facultatibus
508 1484 596 1517 sua
631 1475 802 1531 sponte
833 1471 1017 1520 civitati
1051 1471 1256 1532 largitus
1290 1475 1438 1530 esset,
1480 1471 1688 1518 rationes
1723 1470 1812 1518 sibi
1845 1483 1940 1517 non

166 1550 313 1599 fuisse
346 1550 634 1599 referendas
705 1551 810 1600 Hoc
855 1565 954 1599 rem
996 1552 1145 1612 ipsam
1181 1552 1371 1612 docere,
1417 1565 1569 1612 neque
1609 1551 1754 1599 ullam
1787 1551 1941 1610 legem

166 1631 306 1678 aliter
357 1632 642 1692 praecipere.
719 1631 812 1679 Sed
862 1636 990 1679 recte
1036 1632 1247 1692 disputat
1287 1631 1573 1692 AeschineS,
1622 1645 1765 1692 quum
1810 1630 1941 1691 dicit,

163 1711 435 1770 largitionis
473 1724 589 1759 sane
613 1711 921 1774 Demostheni
954 1712 1186 1760 rationem
1217 1726 1310 1760 non
1332 1711 1479 1760 fuisse
1513 1711 1822 1772 reddendam,
1853 1711 1940 1759 sed

167 1791 227 1839 ab
260 1792 386 1838 omni
419 1791 603 1838 ratione
635 1791 877 1839 reddenda
912 1806 1017 1839 eum
1051 1806 1144 1840 non
1174 1806 1384 1840 vacasse·
1427 1792 1602 1840 etenim
1632 1791 1719 1840 hac
1752 1791 1939 1839 demum

166 1871 390 1931 cognosci
422 1871 663 1931 potuisse,
708 1886 817 1919 num
862 1870 914 1920 re
959 1886 1070 1920 vera
1117 1873 1195 1920 ille
1239 1873 1300 1920 de
1353 1872 1450 1920 suis
1489 1872 1689 1932 largitus
1722 1874 1851 1919 esset
1883 1884 1941 1919 ac

166 1965 321 2000 nonne
383 1951 601 2012 publicae
658 1952 886 2012 pecuniae
942 1966 1165 2012 magnam
1218 1955 1407 2013 partem
1461 1950 1727 2001 avertisset.
1810 1951 1943 1999 Tunc

165 2033 381 2093 quidem,
425 2047 568 2092 quum
602 2032 719 2081 haec
750 2047 896 2081 causa
936 2034 1196 2093 agebatur,
1240 2033 1585 2081 Demosthenes
1628 2033 1722 2079 iam
1755 2031 1940 2092 pridem

164 2114 374 2161 rationes
409 2113 644 2161 retulerat
673 2116 722 2160 et
743 2127 877 2160 suam
903 2112 1043 2161 fidem
1073 2113 1506 2174 liberalitatemque
1525 2113 1822 2173 probaverat,
1853 2111 1938 2158 sed

165 2193 373 2241 nondum
402 2192 484 2240 illo
519 2196 745 2253 tempore,
781 2206 874 2253 quo
905 2194 1028 2241 actio
1061 2193 1416 2242 instituebatur·
1449 2206 1598 2254 quare
1630 2204 1813 2241 summo
1836 2190 1940 2239 iure

164 2273 423 2322 Aeschines
458 2273 544 2322 hoc
577 2277 860 2334 argumento
900 2274 973 2322 uti
1006 2277 1210 2334 poterat.

919 2481 1083 2543 Caput
1120 2481 1177 2530 V.

350 2580 471 2630 De
502 2580 828 2632 siemundo
858 2578 1521 2645 argumentationis
1557 2581 1743 2632 loco.

287 2680 522 2729 Absoluto
557 2681 710 2741 primo
746 2680 1066 2729 accusationis
1101 2680 1218 2741 loce,
1262 2684 1427 2729 orator
1461 2680 1625 2729 statim
1657 2679 1939 2741 aggreditur

161 2762 221 2810 ad
252 2761 555 2822 probandum
589 2761 863 2809 secundum.
929 2761 1051 2810 Esse
1083 2761 1205 2809 enim
1239 2766 1406 2810 contra
1440 2762 1583 2823 leges,
1624 2762 1751 2822 quod
1786 2761 1939 2810 Ctesi-

159 2842 288 2903 phon
320 2842 589 2903 rogaverit,
633 2845 687 2890 ut
719 2842 769 2890 in
803 2842 990 2890 theatro
1026 2841 1368 2890 Demosthenes
1405 2855 1579 2890 corona
1616 2842 1818 2890 donetur
1850 2840 1938 2889 ibi-

161 2924 365 2984 demque
408 2923 482 2971 hic
526 2923 678 2971 honos
721 2923 1037 2983 praedicetur.
1112 2923 1168 2970 In
1210 2922 1300 2970 hac
1331 2937 1383 2970 re
1431 2921 1752 2971 confirmanda
1793 2920 1936 2968 aliam

159 3005 389 3053 rationem
425 3018 494 3065 ae,
528 3017 622 3065 qua
658 3007 802 3052 antea
835 3017 947 3052 usus
984 3007 1072 3064 est,
1106 3003 1226 3070 iniit.
1291 3002 1491 3052 Omnino
1524 3018 1635 3051 vero
1669 3001 1936 3051 laudandus

158 3085 415 3133 Aeschines
454 3089 544 3143 est,
572 3086 699 3146 quod
729 3088 1009 3145 argumenta
1035 3098 1129 3132 non
1158 3083 1220 3132 ad
1254 3098 1397 3133 unam
1420 3083 1710 3144 eandemque
1732 3083 1936 3144 speciem

161 3166 429 3226 designare,
466 3167 549 3214 sed
583 3167 790 3214 maxima
826 3180 930 3214 cum
968 3165 1215 3226 varietate,
1248 3169 1305 3214 ut
1335 3179 1412 3213 res
1446 3177 1662 3225 quaeque
1687 3164 1936 3237 postulare
