2063 3494
990 175 1021 223 6

113 333 377 381 orationem
426 337 649 381 constare
692 346 963 393 censemus,
1037 332 1227 380 exordio
1271 332 1371 379 sive
1411 333 1675 394 prooemiO,
1746 347 1892 395 argu·

111 414 431 475 mentatione,
468 426 611 474 quam
645 412 842 461 eandem
878 412 1284 462 confirmationem
1320 412 1419 461 sive
1449 413 1777 474 probationem
1808 428 1891 476 ap-

112 494 321 554 pellant,
381 493 678 541 conclusione
729 508 814 540 seu
867 495 1172 554 peroratione
1223 507 1306 541 seu
1353 494 1554 554 epilogo,
1629 495 1695 543 Et
1742 508 1891 555 quum

113 574 359 622 exordium
392 588 543 633 usque
578 574 640 621 ad
672 573 698 634 ξ
733 578 761 621 8
795 574 1062 633 pertineat,
1106 574 1248 633 longe
1282 574 1488 621 maxima
1518 575 1746 624 orationis
1777 588 1890 636 pars

112 654 160 702 in
210 653 573 702 confirmatione
634 657 857 702 versatur
917 653 993 716 (gg
1040 654 1272 715 9-176);
1346 657 1506 703 cetera
1562 654 1892 715 complectitur

111 735 365 793 peroratio.

869 941 1035 1004 Caput
1069 939 1140 991 Π.

556 1038 677 1088 De
716 1037 1021 1090 exordio
1063 1037 1439 1091 orationis.

234 1156 418 1217 Atque,
459 1159 515 1204 ut
559 1156 834 1205 accedamus
885 1156 946 1205 ad
985 1157 1324 1205 illustrandum
1364 1156 1634 1217 exordium,
1679 1156 1886 1217 primum

109 1237 367 1285 Aeschines
404 1242 630 1298 conatUS,
668 1252 784 1298 quos
820 1238 1085 1285 adversarii
1119 1238 1181 1285 ad
1222 1238 1572 1286 accusationem
1607 1236 1886 1285 elevandam

105 1322 304 1377 parent,
338 1317 551 1366 breviter
582 1319 936 1378 perstringens,
981 1318 1106 1366 bono
1149 1332 1200 1366 se
1235 1319 1391 1366 animo
1428 1318 1486 1366 de
1517 1318 1678 1367 iudicii
1712 1321 1886 1366 eventu

103 1410 207 1445 esse
241 1398 380 1458 dicit,
431 1397 610 1445 fretum
647 1402 696 1445 et
729 1399 905 1446 auxilio
941 1399 1136 1447 deorum
1182 1403 1230 1446 et
1268 1400 1372 1459 ipsa
1419 1412 1565 1447 causa
1604 1402 1654 1447 et
1697 1398 1885 1446 iustitia

103 1478 329 1525 iudicum.
407 1477 591 1525 Deinde
636 1479 783 1525 verba
828 1478 942 1526 facit
984 1479 1041 1526 de
1083 1493 1212 1527 more
1255 1480 1462 1539 quodam
1511 1479 1665 1538 ma10,
1716 1478 1798 1539 qui
1836 1479 1885 1526 in

104 1558 442 1618 rempublicam
489 1562 707 1619 receptus
753 1560 831 1607 sit.
905 1559 998 1606 Per
1040 1573 1120 1607 eos
1154 1560 1298 1620 enim,
1343 1560 1423 1620 qui
1459 1558 1882 1607 deliberationibus

101 1638 264 1699 populi
297 1643 346 1686 et
370 1642 563 1687 senatus
581 1640 808 1700 praesint,
839 1639 956 1700 fieri,
984 1643 1038 1687 ut
1060 1654 1171 1700 nou,
1208 1641 1330 1688 sicut
1347 1640 1478 1700 leges
1504 1653 1559 1687 ac
1582 1639 1880 1688 consuetudo

100 1720 339 1780 postulet,
388 1720 473 1768 sed
509 1723 566 1767 ut
601 1719 674 1768 vel
716 1721 924 1768 studium
968 1720 1043 1767 vel
1085 1720 1270 1768 utilitas
1313 1721 1522 1780 ipsorum
1567 1720 1878 1780 aliorumque,

103 1801 183 1861 qui
219 1814 379 1848 omnes
412 1814 489 1848 res
523 1814 611 1861 pro
658 1814 744 1849 suo
786 1801 983 1848 arbitrio
1029 1801 1130 1861 geri
1173 1801 1347 1861 velint,
1397 1801 1455 1848 de
1501 1801 1693 1849 summis
1734 1801 1879 1848 rebus

103 1880 396 1929 deliberetur
428 1884 479 1929 et
507 1881 807 1930 decernatur.
855 1881 997 1930 Cuius
1020 1882 1241 1930 licentiae
1260 1882 1438 1929 nullum
1463 1881 1594 1929 aliud
1616 1881 1880 1929 remedium

101 1965 317 2022 exstare,
365 1974 508 2021 quam
549 1961 834 2009 violatarum
868 1961 1025 2022 legum
1059 1962 1285 2009 actiones,
1352 1961 1527 2019 Quodsi
1559 1961 1728 2009 harum
1761 1974 1880 2021 quo-

41 2099 44 2102 ,
100 2055 193 2101 que
226 2042 297 2089 vis
333 2045 384 2088 et
405 2042 669 2089 auctoritas
699 2043 945 2089 sententiis
976 2042 1180 2090 iudicum
1211 2042 1521 2089 imminuatur
1555 2041 1631 2088 vel
1664 2041 1875 2102 tollatur,

98 2121 372 2169 libertatem
405 2121 564 2181 populi
598 2122 691 2168 iam
728 2122 909 2169 nullam
944 2122 1057 2169 fore.
1135 2123 1316 2182 Atque,
1360 2126 1413 2169 ut
1441 2121 1613 2182 probet
1644 2135 1766 2181 rem,
1798 2135 1879 2169 ex-

96 2201 270 2260 plicat,
319 2215 414 2260 qua
461 2201 511 2248 iu
555 2215 607 2248 re
643 2215 824 2249 summa
866 2202 936 2249 vis
971 2207 1019 2248 et
1062 2202 1191 2249 salus
1225 2202 1403 2249 liberae
1436 2201 1642 2249 civitatis
1676 2202 1877 2261 nitatur,

97 2288 146 2329 et
188 2282 301 2342 quid
345 2283 469 2330 inter
510 2281 681 2343 populi
720 2282 968 2343 imperium
1012 2285 1060 2330 et
1104 2296 1363 2343 paucorum
1416 2285 1504 2330 aut
1547 2281 1685 2330 unius
1733 2281 1877 2330 domi-

97 2363 343 2410 nationem
362 2363 565 2412 differat.
601 2363 674 2411 Ex
708 2363 780 2411 his
804 2364 994 2412 maximi
1023 2364 1246 2411 momenti
1273 2377 1374 2412 esse
1398 2362 1683 2411 violatarum
1714 2363 1876 2423 legum

95 2444 307 2491 actiones
343 2444 597 2492 concludit.
665 2444 880 2506 Denique
923 2444 1102 2493 iudices
1155 2444 1212 2492 de
1259 2443 1566 2492 iureiurando
1611 2447 1876 2492 commonet

95 2523 482 2583 cohortaturque,
517 2529 586 2583 ut,
618 2540 710 2573 non
735 2526 1004 2585 perturbati
1030 2526 1233 2573 aliorum
1259 2525 1489 2572 illecebris
1522 2538 1579 2572 ac
1610 2524 1873 2584 fraudibuS,

93 2603 297 2652 officium
332 2618 467 2651 suum
502 2609 836 2665 exsequantur.

219 2684 352 2734 Haec
388 2689 462 2733 est
495 2699 681 2733 summa
715 2686 864 2733 totius
906 2684 1100 2732 exordii.
1130 2671 1133 2677 “
1176 2685 1277 2732 Iam
1322 2698 1458 2745 vern,
1507 2684 1695 2746 singula
1718 2698 1875 2733 -accu-

91 2767 246 2816 ratius
280 2770 649 2827 cognoscenteS,
703 2766 1051 2827 examinemuS,
1099 2766 1330 2827 quomodo
1371 2765 1490 2814 illud
1533 2766 1593 2814 ab
1638 2764 1873 2814 Aeschine

91 2851 379 2908 tractatum,
417 2852 467 2895 et
498 2862 612 2895 num
644 2847 940 2907 praeceptiS,
985 2860 1109 2907 quae
1140 2847 1200 2895 ab
1234 2848 1440 2908 antiquis
1471 2847 1744 2896 rhetoribus
1777 2850 1875 2894 tra-

92 2928 294 2988 duntur,
337 2928 643 2976 satisfactum
677 2929 755 2976 sit.
828 2929 940 2976 Iure
984 2932 1144 2976 autem
1189 2928 1238 2976 hi
1288 2929 1481 2989 docent,
1523 2929 1646 2975 hanc
1684 2930 1874 2987 partem

91 3009 281 3057 minime
314 3023 419 3058 esse
452 3009 795 3070 negligendam.
862 3009 951 3058 Est
981 3009 1119 3070 enim,
1152 3012 1206 3058 ut
1227 3009 1465 3058 Ciceronis
1489 3011 1528 3070 ²)
1561 3008 1717 3057 verbis
1748 3010 1872 3067 utar,

198 3147 238 3193 1)
268 3145 331 3184 De
356 3145 434 3184 inv,
467 3145 497 3196 1,
530 3146 589 3196 15,
623 3146 685 3184 20.
