2063 3494
987 162 1058 213 66

128 324 419 385 ingemitura
435 334 554 370 esse.
586 321 898 384 Postremum,
926 322 989 371 ad
1009 314 1139 388 ἦθος
1160 335 1433 383 conversuS,
1464 323 1668 372 maxime
1689 321 1907 371 decoram

132 410 279 466 atque
310 404 560 452 honestam
594 402 825 452 orationis
848 402 965 453 facit
988 402 1344 453 conclusionem.
1409 403 1548 464 Nam,
1582 404 1675 453 etsi
1706 403 1754 455 in
1785 416 1911 452 com-

130 483 357 547 pellanda
390 486 566 530 natura
598 481 870 542 rebusque„
888 496 1009 543 quae
1028 482 1117 531 sub
1136 494 1305 530 sensus
1327 495 1423 530 non
1449 483 1632 531 cadunt
1649 484 1709 544 ³),
1740 483 1910 532 etiam-

128 571 233 613 tum
266 564 423 611 animo
455 567 717 610 commotus
746 576 850 610 esse
874 563 1077 622 videtur,
1103 563 1220 610 haec
1252 577 1351 611 non
1389 562 1732 622 indignationis
1761 562 1908 623 signi-

130 645 291 693 ficatio
337 642 575 691 censenda
620 646 709 689 est.
800 642 941 700 Quod
998 647 1156 690 tamen
1212 641 1478 690 Matthaeio
1521 642 1702 702 placet,
1760 655 1907 702 quum

76 774 81 780 ,
130 723 344 783 dicat²):
404 726 484 770 »et
527 721 576 769 in
619 721 720 770 eius
761 721 1201 770 condemnationem
1251 722 1392 782 deOS‚
1440 721 1578 782 deas,
1640 722 1909 771 universam

131 810 355 853 naturam
399 802 660 863 appellat«.
748 801 840 850 Sed
884 816 971 849 nos
1010 801 1134 851 hanc
1176 815 1280 850 esse
1321 802 1569 850 verborum
1612 801 1709 850 vim
1748 801 1909 851 existi·

131 898 333 944 mamuS,
365 887 420 932 ut
443 886 684 931 testentur
705 882 815 931 illae
844 896 936 942 reS,
969 882 1144 930 bonam
1177 886 1228 931 et
1258 883 1432 931 iustam
1457 896 1648 931 causam
1670 886 1909 930 oratorem

129 966 306 1014 dixisse
339 969 483 1024 atque
512 963 616 1010 iure
649 962 937 1022 reipublicae
969 962 1260 1011 subvenisse.
1327 963 1476 1021 Quam
1514 966 1711 1023 repente
1743 966 1905 1010 autem

131 1046 208 1094 hic
233 1045 497 1093 orationem
521 1042 747 1090 mutavit!
782 1042 972 1100 Quanta
994 1056 1099 1091 cum
1118 1043 1164 1091 vi
1186 1048 1462 1104 quantaque
1482 1057 1588 1091 cum
1614 1042 1908 1092 vehementia

129 1124 270 1173 modo
300 1123 529 1171 insanivit
560 1122 699 1182 quasi
734 1125 784 1168 et
814 1122 1073 1170 bacchatus
1099 1124 1197 1182 est!
1234 1124 1298 1172 Et
1331 1137 1470 1183 quam
1503 1123 1728 1183 modeste,
1762 1136 1906 1183 quam

126 1205 378 1251 summisse
411 1215 539 1249 nunc
572 1201 712 1260 dicit,
755 1201 939 1248 nescire
981 1215 1058 1261 se,
1106 1216 1219 1249 num
1253 1203 1372 1250 bene
1410 1207 1460 1250 et
1490 1202 1805 1262 magnitudini
1835 1203 1907 1250 rei

128 1268 447 1344 congruenter
478 1279 798 1342 peroraverit!
861 1280 954 1341 Ac,
994 1294 1137 1341 quum
1179 1294 1323 1342 porro
1364 1281 1637 1342 praedicat,
1681 1295 1770 1342 pro
1806 1282 1907 1330 suis

127 1368 260 1412 certe
293 1363 473 1409 viribus
520 1374 572 1408 se
616 1360 765 1407 verba
804 1360 995 1420 fecisse,
1041 1362 1410 1421 prudentissime
1454 1362 1568 1410 fecit
1582 1387 1603 1423 ,-
1641 1367 1697 1410 ut
1736 1363 1907 1410 iterum

126 1448 371 1502 tamquam
391 1440 680 1501 reipublicae
699 1443 973 1501 patronum,
996 1443 1071 1489 cui
1090 1441 1343 1490 accusandi
1362 1456 1535 1491 munus
1559 1442 1905 1504 suscipiendum
1933 1478 1935 1480 -

125 1523 322 1582 suisset,
357 1536 408 1569 se
439 1521 642 1580 fingeret
673 1520 720 1580 (ᾗ
750 1523 877 1580 260).
953 1521 1025 1567 Ad
1059 1532 1321 1568 extremum
1365 1523 1524 1582 addit,
1571 1524 1666 1569 iam
1700 1522 1906 1570 iudicum

126 1616 246 1662 esse,
280 1616 338 1649 ex
374 1602 559 1661 legibus
590 1604 734 1660 atque
766 1614 791 1647 e
824 1600 1063 1660 republica
1095 1600 1324 1661 suffragia
1357 1602 1495 1649 ferre.
1563 1601 1711 1650 Simul
1741 1605 1903 1650 autem

127 1683 201 1730 his
236 1681 453 1729 omnibus
487 1680 707 1728 fiduciam
756 1680 995 1740 quandam
1029 1681 1087 1727 de
1129 1680 1253 1728 felici
1286 1686 1462 1729 eventu
1503 1682 1661 1730 iudicii
1704 1695 1821 1743 prae
1854 1695 1906 1729 se

124 1765 234 1810 fert·
283 1764 355 1810 sin
404 1774 546 1808 causa
590 1761 837 1820 ceciderit,
893 1761 1228 1808 conscientiam
1276 1762 1457 1809 servati
1509 1761 1650 1810 officii
1699 1761 1903 1810 simulat.

125 1844 274 1892 Nobis
311 1857 424 1891 vero
459 1841 730 1902 legentibus
765 1841 912 1890 multo
948 1841 1212 1901 sapientius
1246 1845 1394 1902 atque
1426 1842 1489 1890 ad
1519 1841 1903 1903 persuadendum

123 1923 476 1972 accomodatius
512 1923 602 1971 hoc
645 1922 832 1970 dicendi
878 1935 1053 1981 genere
1094 1921 1386 1971 conclusisse
1427 1922 1640 1983 videtur,
1689 1936 1833 1984 quam
1864 1922 1905 1969 si

124 2019 276 2066 usque
309 2004 370 2051 ad
402 2003 547 2051 finem
581 2004 630 2050 in
664 2002 957 2051 concitandis
980 2002 1148 2050 animis
1169 2003 1523 2063 permansisset.
1556 2003 1904 2052 Demosthenes

125 2085 317 2147 quidem
353 2084 515 2132 illudit
533 2087 577 2145 ³)
625 2083 694 2131 illi
728 2083 1086 2143 exclamationi,
1118 2086 1362 2143 tamquam
1407 2082 1611 2131 artificio
1643 2084 1904 2144 histrionis,

126 2180 328 2226 eumque
349 2165 538 2212 omnino
560 2178 654 2212 non
681 2164 750 2212 ita
769 2164 894 2211 male
916 2163 1162 2223 iudicasse,
1198 2164 1362 2223 negari
1387 2178 1478 2211 non
1501 2168 1673 2225 potest,
1691 2150 1905 2225 quando-

123 2247 316 2307 quidem
345 2245 537 2305 saepius
561 2243 818 2294 Aeschines
848 2257 907 2290 ex
939 2243 1277 2290 consuetudine
1302 2244 1404 2291 eius
1427 2244 1561 2303 artiS‚
1595 2258 1736 2304 quam
1756 2249 1902 2292 antea

125 2331 422 2386 exercuerat,
456 2326 505 2373 in
537 2325 677 2373 nimis
709 2338 859 2385 grave
891 2337 949 2372 ac
981 2323 1215 2384 tragicum
1247 2337 1401 2385 genus
1430 2322 1674 2387 incidit⁴).

868 2532 939 2580 Ga
973 2532 1033 2580 ut
1071 2530 1162 2581 XI.

122 2633 244 2684 Ile
286 2628 511 2682 totlus
555 2627 909 2681 orationis
938 2545 1425 2694 {impositione
1462 2623 1918 2695 disputatur.

249 2750 503 2810 Reliquum
538 2751 714 2808 est,.ut
748 2746 805 2794 de
839 2746 1147 2807 dispositione
1170 2748 1320 2796 totius
1346 2749 1576 2797 orationis
1600 2763 1901 2810 quaeramus.

123 2833 258 2890 Quae
284 2832 408 2878 enim
438 2831 496 2878 de
530 2828 748 2889 partibus
784 2828 886 2876 eius
921 2829 1119 2889 singulis
1155 2830 1204 2876 in
1239 2831 1449 2878 transitu
1483 2830 1745 2890 attigimuS‚
1778 2844 1903 2877 nunc

231 2945 273 2994 1)
304 2944 422 2982 Hanc
450 2943 621 2990 figuram
652 2940 801 2980 Graeci
835 2941 1105 2994 ἀποστροφήν,
1151 2942 1324 2982 Romani
1366 2942 1703 2983 exclamationem
1742 2946 1901 2986 vocant.

123 3007 181 3047 Cf.
214 3008 364 3047 Cernit.
396 3008 462 3057 lV,
496 3010 554 3056 15,
584 3007 656 3056 22,
690 3005 852 3044 Volkm.
882 3017 923 3054 p.
953 3008 1054 3057 275,
1091 3006 1219 3058 Kays.
1247 3019 1288 3057 p.
1318 3008 1416 3059 289,
1454 3007 1646 3056 Quinctil.
1675 3005 1745 3057 IX,
1771 3005 1809 3057 2,
1838 3008 1901 3046 38.

231 3073 275 3123 2)
304 3073 407 3112 Pars
435 3072 488 3112 II.
518 3076 617 3111 sect.
651 3070 755 3110 VII:
787 3068 838 3109 de
868 3071 1146 3119 peroratione.

229 3139 271 3182 3)
302 3137 363 3177 De
392 3150 473 3177 cor.
503 3143 526 3185 3⁴
562 3135 647 3175 127.
680 3157 725 3162 ——
766 3138 810 3181 4)
842 3134 903 3176 Cf.
933 3135 1105 3176 Schafer
1134 3137 1165 3183 Ι,
1200 3138 1288 3176 225.
