2063 3494
1011 201 1079 251 26

157 357 372 419 integras
403 358 675 407 recitaverit
708 358 864 420 leges,
916 360 1001 420 sed
1045 359 1140 407 alia
1184 374 1346 409 earum
1379 360 1525 410 verba
1558 363 1929 422 commutaverit,

153 439 250 487 alia
276 453 472 500 prorsus
500 439 726 499 omiserit,
761 444 904 501 atque
938 440 1053 502 ipse,
1083 453 1228 501 quum
1263 441 1467 489 recitata
1488 455 1545 491 ea
1573 442 1650 491 lex
1671 447 1760 503 est,
1792 443 1926 491 cuius

156 520 429 568 testimonio
464 520 631 579 utitur,
663 520 872 569 eiusdem
907 521 1052 569 verba
1085 521 1249 583 »πλήν
1271 549 1331 556 -
1355 525 1670 588 ψηφίσηται«
1705 526 1930 572 contenta

154 614 269 648 voce
302 600 475 648 iterum
506 600 683 661 repetit
723 604 771 648 et
816 601 1091 649 adversario
1122 601 1284 649 obiicit
1303 603 1357 662 ¹).
1429 603 1495 650 At
1528 616 1638 650 vero
1679 604 1821 652 huius
1855 617 1930 651 ar—

154 680 371 741 gumenti
414 680 487 728 vis
529 694 585 728 eo
627 680 834 741 tollitur,
884 681 1008 741 quod
1052 681 1194 729 etiam
1228 681 1484 730 Aeschines
1533 681 1798 731 firmissime
1843 683 1931 732 ad-

151 764 357 821 severat,
390 760 543 821 legem
577 761 719 822 plane
752 762 1053 822 praecipere,
1093 774 1186 822 quo
1220 760 1321 810 loco
1367 766 1701 811 coronatorum
1736 763 1929 812 nomina

149 842 468 891 renuntianda
493 842 606 902 sint,
640 856 735 902 quo
763 842 864 889 loco
896 856 990 890 non
1016 843 1126 902 sint,
1162 843 1347 902 deinde,
1380 844 1496 904 ipsis
1518 844 1676 892 verbis
1699 844 1930 903 recitatis»,

153 921 283 971 illam
315 921 564 983 praeclare
609 935 662 970 se
694 922 874 971 habere
906 922 1222 984 demonstrat,
1256 927 1357 972 tum
1391 924 1490 973 eius
1525 937 1775 984 summam,
1808 938 1930 985 quae

152 1003 344 1063 quidem
388 1003 450 1050 ad
494 1016 687 1051 causam
729 1003 1027 1063 propositam
1067 1003 1300 1063 pertinet,
1342 1004 1443 1064 ipse
1475 1005 1654 1063 repetit
1685 1009 1756 1063 et,
1806 1004 1929 1064 quod

152 1082 409 1143 Ctesiphon
444 1083 705 1142 rogaverit,
737 1083 779 1130 ei
812 1096 1088 1142 repugnare
1122 1083 1195 1130 bis
1224 1083 1443 1144 deinceps
1482 1083 1557 1145 (ἐξ
1591 1086 1652 1132 34
1684 1072 1737 1131 et¹
1766 1084 1846 1144 35)
1879 1088 1929 1131 et

149 1167 317 1223 aperte
361 1162 599 1223 declarat,
641 1166 938 1223 postremum
982 1163 1184 1210 eandem
1232 1164 1517 1223 sententiam
1564 1164 1615 1213 in
1660 1163 1928 1224 perorando

147 1243 195 1305 (ἓ
230 1245 344 1303 204)
377 1243 427 1290 in
460 1243 670 1290 iudicum
705 1243 980 1291 memoriam
1013 1243 1200 1303 redigit.

275 1323 508 1383 Alterum,
543 1322 670 1383 quod
704 1323 951 1371 Aeschinis
984 1323 1125 1371 fidem
1158 1327 1429 1384 suspectam
1460 1322 1646 1383 reddat,
1676 1326 1764 1386 est,
1801 1323 1927 1384 quod

148 1403 258 1452 huic
291 1403 661 1463 DemostheneS,
708 1404 1039 1451 occultationis
1071 1404 1148 1451 vel
1181 1388 1446 1452 omissionis
1479 1403 1634 1463 figura
1667 1418 1810 1464 usuS,
1857 1408 1930 1453 tot

146 1483 526 1532 renuntiationes
574 1496 720 1543 quum
774 1483 1001 1543 aliorum,
1048 1487 1148 1531 tum
1192 1483 1264 1531 sui
1307 1484 1458 1543 ipsius
1501 1484 1550 1531 in
1599 1483 1789 1532 theatro
1833 1484 1926 1532 iam

142 1563 296 1611 factas
330 1577 460 1622 esse,
507 1563 681 1610 obiicit.
762 1563 856 1611 Sed
900 1577 959 1610 ne
1004 1563 1111 1610 huic
1155 1564 1345 1622 quidem
1391 1568 1676 1623 argumento
1723 1563 1925 1611 multum

147 1643 294 1691 tribui
327 1643 482 1703 debet,
515 1657 659 1709 quum
690 1642 869 1690 factum
903 1656 1007 1690 esse
1029 1643 1199 1702 possit,
1234 1647 1290 1690 ut
1309 1643 1456 1690 toties
1485 1643 1561 1690 lex
1586 1643 1924 1702 negligeretur.

148 1724 273 1772 Nam
294 1722 497 1771 Athenis
530 1722 879 1783 posterioribus
916 1723 1206 1783 temporibus
1237 1722 1365 1782 leges
1397 1723 1539 1771 etiam
1573 1737 1602 1771 a
1635 1723 1927 1783 magistrati-

144 1804 232 1851 bus
259 1816 404 1862 saepe
424 1815 519 1849 non
543 1816 648 1849 esse
671 1802 966 1862 observatas,
998 1802 1163 1849 multis
1190 1816 1248 1849 ex
1269 1803 1385 1850 locis
1408 1806 1620 1851 veterum
1643 1803 1923 1863 scriptorum

146 1883 464 1945 cognoscitur.
533 1882 669 1941 Quod
711 1882 814 1943 ipse
850 1881 1196 1931 Demosthenes
1230 1882 1486 1931 concedere
1521 1883 1737 1943 videtur,
1777 1897 1923 1944 quum

145 1966 195 2014 in
247 1965 463 2014 oratione
514 1968 683 2012 contra
736 1963 1081 2011 Androtionem
1097 1962 1174 2026 ²),
1235 1967 1289 2012 ut
1351 1963 1598 2024 praecidat
1651 1963 1923 2012 adversario

143 2049 330 2106 partem
358 2045 659 2104 defensioniS,
692 2045 833 2103 dicat,
866 2044 907 2091 si
930 2045 1024 2091 iam
1048 2045 1253 2104 saepiuS,
1286 2058 1407 2104 quae
1427 2044 1613 2104 legibus
1638 2049 1920 2105 repugnent,

144 2129 318 2186 rogata
352 2129 402 2173 et
435 2125 625 2173 decreta
658 2125 781 2185 sint,
829 2124 950 2173 lianc
992 2138 1090 2172 non
1125 2138 1228 2172 esse
1261 2124 1433 2172 iustam
1464 2137 1679 2186 causam,
1722 2138 1804 2173 cur
1839 2125 1922 2173 ad-

142 2207 389 2254 versarius
413 2219 548 2253 suam
581 2205 876 2264 rogationem
912 2205 1094 2264 legibus
1113 2210 1470 2265 repugnantem
1496 2203 1709 2264 perferre
1735 2205 1920 2254 debeat.

145 2287 372 2337 Similiter
403 2286 528 2335 idem
575 2286 624 2333 in
670 2287 884 2333 oratione
924 2289 1092 2333 contra
1125 2284 1533 2347 Arist001·atem⁸)
1573 2289 1759 2345 monet,
1803 2285 1919 2335 illud

142 2372 332 2416 tantum
368 2367 677 2427 spectandum
710 2380 841 2425 esse,
888 2371 1049 2413 utrum
1083 2366 1294 2425 legitima
1328 2367 1391 2413 sit
1424 2366 1690 2413 adversarii
1722 2366 1922 2425 rogati0‚

140 2462 302 2509 necne,
338 2462 446 2507 non,
481 2450 643 2495 utrum
679 2446 850 2495 similia
883 2447 976 2494 iam
1003 2451 1147 2494 antea
1179 2447 1371 2495 decreta
1397 2447 1506 2507 sint,
1539 2460 1698 2494 necne.
1764 2445 1919 2503 Quid?

139 2528 264 2590 quod
312 2528 363 2575 in
409 2528 625 2575 oratione
670 2531 834 2575 contra
876 2526 1192 2588 Leptine1n⁴)
1239 2527 1378 2587 dicit,
1428 2541 1533 2575 eum
1579 2526 1816 2585 effecisse,
1862 2529 1919 2573 ut

138 2610 329 2669 rogatio
373 2609 454 2655 illa
500 2612 599 2656 tam
643 2608 804 2667 gravis
848 2609 1064 2667 tantique
1110 2608 1338 2655 momenti
1387 2621 1491 2655 esse
1534 2607 1799 2665 videretur,
1849 2610 1918 2665 ut,

131 2688 361 2750 neglectis
406 2687 648 2747 omnibuS‚
691 2701 813 2749 quae
860 2691 1004 2736 antea
1045 2687 1149 2736 fieri
1191 2687 1321 2748 leges
1365 2687 1604 2747 iuberent,
1646 2686 1809 2734 statim
1854 2685 1917 2733 ad

134 2770 407 2818 concionem
452 2768 735 2816 deferretur.
817 2768 885 2816 Ut
925 2768 1046 2815 alius
1104 2782 1293 2829 quoque
1350 2767 1553 2815 oratoris
1597 2767 1915 2814 testimonium

135 2849 418 2909 afferamus,
450 2850 688 2897 Isocrates
721 2849 769 2895 in
805 2849 1043 2909 oratione,
1077 2863 1221 2909 quam
1259 2848 1346 2896 »de
1376 2862 1521 2908 pace«
1558 2847 1769 2907 scripsit,
1802 2847 1918 2894 haec

125 2931 225 2980 fere
276 2930 492 2992 queritur
513 2930 571 2991 ⁵).
642 2929 829 2988 »Quum
874 2929 1103 2991 plurimas
1152 2929 1283 2990 leges
1327 2929 1611 2989 sanciamuS,
1659 2940 1743 2974 eas
1796 2925 1916 2974 adeo

235 3123 276 3171 1)
318 3121 379 3162 cf.
419 3122 442 3173 g
484 3123 557 3161 121
606 3122 692 3163 init.
776 3123 820 3174 2)
857 3122 880 3173 g
920 3122 1035 3163 6—7.
1119 3122 1161 3170 3)
1201 3120 1224 3172 g
1263 3119 1452 3162 95-99.
1545 3118 1591 3167 4)
1630 3116 1689 3158 cf.
1730 3116 1915 3168 inprimis

127 3186 151 3237 s
186 3184 356 3227 90-97.
440 3187 484 3237 5)
513 3185 537 3238 ξ
566 3187 628 3228 50.
