2063 3494
1018 101 1087 151 37

162 264 310 311 τοῦτο
340 258 632 308 ἐσπούδασε
679 258 795 320 περὶ
840 262 987 307 τοῦτο
1033 257 1251 318 μάλιστα
1292 258 1374 303 καὶ
1418 259 1471 304 ἐν
1503 256 1662 319 τούτῳ
1693 259 1763 317 τῷ
1791 264 1928 317 μέρει

162 342 247 404 τῆς
278 341 566 401 κατηγορίας
595 335 673 385 τό“
693 337 934 385 πλεῖστον
967 336 1322 401 ἐνδιέτριψενοε.
1399 335 1520 384 Nam
1554 336 1603 383 in
1635 335 1723 383 hoc
1756 336 1925 383 iudicio

160 434 263 468 non
290 422 387 467 tam
418 417 477 467 de
508 418 627 466 iuris
660 416 984 466 controversia
1009 416 1259 477 agebatur,
1293 415 1391 475 sed,
1423 419 1586 463 utrum
1609 414 1761 463 omnis
1787 415 1926 472 ratio,

159 512 300 560 quam
334 497 695 558 Demosthene-5,
729 510 877 558 quum
902 496 964 544 ad
996 496 1330 557 rempublicam
1363 496 1664 554 accessisset,
1699 498 1924 554 sequutus

160 583 287 638 erat,
335 578 581 639 probanda
612 591 673 624 an
706 577 1017 637 improbanda
1051 580 1191 625 esset.
1266 576 1367 623 Hoc
1401 576 1651 635 spectabat
1681 574 1830 631 acti0,
1872 577 1925 620 ut

158 659 443 717 auctoritas,
489 656 725 717 potentia,
769 656 948 716 gratia,
995 668 1090 715 qua
1122 655 1465 703 Demosthenes
1497 655 1646 715 iique,
1688 653 1769 713 qui
1802 652 1924 700 idem

157 751 263 787 cum
296 751 352 787 eo
389 737 634 796 sentirent,
668 735 795 796 apud
827 735 1050 797 populum
1083 735 1283 783 multum
1316 735 1556 795 valerent,
1586 732 1730 781 semel
1762 731 1924 779 infrin-

157 821 387 877 gerentur
405 817 462 876 ¹).
497 815 566 863 Ut
580 815 771 863 omnino
782 814 1155 875 Atheniensium,
1179 815 1258 875 qui
1271 819 1402 863 certe
1422 819 1535 862 tunc
1548 817 1702 872 erant,
1721 811 1863 859 animi
1875 813 1923 857 in

157 895 468 946 observandis
479 895 552 956 iis,
580 909 700 956 quae
715 896 896 956 legibus
916 897 1173 954 constituta
1186 899 1339 956 erant,
1364 909 1457 942 non
1470 895 1538 942 ita
1549 892 1760 953 religiosi
1770 896 1922 951 erant,

157 977 242 1024 scd
255 976 426 1036 potiuS,
449 975 565 1036 quid
578 976 759 1024 civitati
779 976 1041 1036 prodesset,
1063 976 1375 1036 quaerebant,
1396 975 1464 1022 ita
1477 974 1682 1022 maxima
1695 974 1765 1021 vis
1783 972 1922 1020 huius

155 1056 318 1105 iudicii
351 1070 446 1123 non
478 1056 526 1104 in
555 1070 611 1104 eo
647 1060 767 1118 erat,
798 1070 909 1104 num
942 1061 1110 1105 contra
1142 1056 1268 1117 leges
1302 1060 1520 1116 rogasset
1536 1053 1805 1114 Ctesiphon,
1840 1051 1923 1100 sed

155 1141 316 1185 utrum
334 1137 666 1185 Demosthenis
698 1138 1049 1185 administratio
1082 1138 1366 1197 reipublicae
1400 1136 1643 1185 commodo
1680 1148 1741 1182 an
1774 1133 1920 1180 detri-

155 1220 315 1266 mento
359 1217 545 1266 civitati
588 1216 772 1266 fuisset.
844 1217 1014 1278 Itaque
1058 1217 1315 1265 Aeschines
1360 1216 1419 1265 ob
1464 1216 1591 1264 illam
1625 1216 1740 1264 iuris
1775 1215 1921 1275 negli-

154 1298 365 1357 gentiam
399 1297 710 1346 Athenienses
753 1298 1055 1358 reprehendit
1097 1299 1148 1360 (ξ
1185 1297 1472 1359 192—193),
1507 1310 1794 1358 quamquam
1827 1310 1920 1343 non

152 1382 352 1438 propter
398 1378 637 1437 neglectas
679 1378 808 1438 leges
841 1380 1072 1426 actionem
1104 1380 1392 1439 instituisse,
1440 1379 1525 1426 sed
1558 1382 1748 1425 tantum
1782 1378 1830 1424 in
1862 1377 1920 1424 iis

151 1470 375 1518 magnum
416 1471 587 1505 causae
630 1457 978 1506 firmamentum
1023 1459 1233 1518 posuisse
1278 1459 1523 1518 putandus
1568 1462 1657 1505 est.
1742 1456 1917 1514 Quodsi

152 1552 230 1586 res
262 1552 292 1585 a
314 1538 631 1586 Demosthene
651 1538 834 1599 publice
865 1542 1030 1597 gestas
1063 1553 1158 1586 non
1186 1539 1559 1599 perstrinxisset,
1594 1538 1920 1598 suspicionem,

150 1631 203 1666 se
253 1618 355 1666 iure
402 1631 459 1665 ac
512 1617 695 1677 legibus
745 1621 992 1678 tamquam
1049 1619 1371 1678 integumento
1432 1618 1782 1665 inimicitiarum
1833 1618 1919 1675 uti,

149 1698 339 1746 fecisset
370 1698 569 1758 ideoque
601 1702 685 1746 aut
717 1698 971 1758 proclivius
1005 1713 1148 1746 causa
1183 1699 1443 1759 cecidisset,
1476 1702 1562 1747 aut
1594 1703 1734 1757 certe,
1771 1699 1919 1747 Ctesi-

148 1776 329 1838 phonte
363 1776 611 1838 damnato,
657 1777 999 1827 Demosthenes
1042 1792 1098 1826 ex
1131 1778 1425 1839 praescripto
1466 1778 1625 1839 legum
1660 1783 1918 1827 coronatus

124 1857 351 1918 —esset²).
416 1858 506 1916 At,
552 1858 727 1906 dixerit
761 1859 1020 1919 quispiam,
1064 1859 1193 1906 nulla
1224 1873 1275 1906 re
1308 1858 1563 1907 Aeschines
1597 1873 1770 1907 causae
1803 1874 1917 1907 suae

147 1937 300 1996 magis
333 1950 503 1984 nocere
533 1938 717 1997 potuit,
765 1952 930 1997 quam,
974 1952 1121 1996 quum
1149 1939 1205 1984 iis
1242 1940 1556 1998 argumentis,
1590 1953 1712 1998 quae
1744 1946 1916 1999 aperta

146 2015 378 2064 mendacii
418 2030 473 2065 ac
500 2017 765 2065 calumniae
798 2018 936 2078 signa
967 2031 1085 2078 prae
1119 2032 1169 2066 se
1202 2018 1408 2079 ferrent,
1452 2018 1691 2067 utebatur.
1758 2019 1916 2077 Quare

145 2097 310 2145 utilius
344 2096 534 2159 fuisset,
580 2098 704 2148 hanc
748 2100 1177 2160 argumentationis
1218 2105 1403 2159 partem
1448 2115 1640 2161 prorsus
1683 2103 1917 2150 omittere.

144 2178 281 2235 Quae
297 2180 535 2226 sententia
552 2180 722 2228 leviter
739 2194 837 2228 rem
856 2181 1176 2228 consideranti
1192 2182 1362 2241 placet.
1430 2182 1512 2230 Sin
1532 2170 1641 2229 iero
1659 2197 1761 2229 eam
1781 2197 1915 2230 accu-

143 2257 298 2305 ratius
331 2259 725 2319 contemplamur,
758 2261 1054 2309 concedimus
1090 2261 1304 2320 quidem,
1347 2263 1605 2309 vanitatem
1640 2263 1778 2310 huius
1811 2263 1914 2323 loci,

143 2350 230 2385 cur
260 2337 516 2386 Aeschines
552 2339 845 2399 vinceretur,
892 2353 1082 2388 causam
1125 2340 1298 2400 fuisse,
1343 2341 1424 2388 sed
1472 2342 1585 2389 vitio
1625 2343 1667 2389 ei
1713 2348 1912 2402 vertere,

143 2418 268 2477 quod
301 2419 487 2467 omnino
529 2418 652 2467 hunc
699 2421 1003 2468 tractandum
1040 2422 1323 2481 susceperit,
1369 2436 1460 2468 non
1498 2428 1623 2469 recte
1658 2423 1910 2471 iudicantis

141 2497 276 2546 nobis
319 2512 425 2547 esse
469 2500 670 2548 videtur.
747 2499 869 2548 Nam
914 2501 1117 2561 primum
1160 2502 1251 2549 iam
1286 2515 1341 2549 ex
1389 2501 1531 2562 longo
1569 2507 1807 2563 tempore,
1858 2510 1910 2552 ut

142 2591 291 2638 supra
324 2580 812 2641 commemoravimuS,
862 2594 1169 2642 quaecunque
1214 2596 1370 2630 rerum
1417 2587 1502 2630 aut
1543 2582 1909 2632 domesticarum

139 2661 225 2706 aut
259 2662 563 2708 externarum
597 2661 798 2721 fiebant,
844 2662 905 2709 ab
938 2663 1020 2722 iis,
1061 2665 1143 2723 qui
1175 2665 1222 2711 in
1258 2663 1497 2724 republica
1532 2663 1910 2714 administranda

140 2738 464 2789 diversissima
496 2755 713 2803 quaeque
747 2743 873 2791 inter
903 2756 954 2792 se
989 2744 1336 2805 sequebantur,
1385 2745 1596 2793 oratione
1637 2745 1706 2793 ita
1740 2746 1910 2807 depra-

140 2819 404 2878 vabantur,
437 2825 493 2868 ut
526 2822 666 2881 paulo
699 2827 829 2883 post,
862 2837 1004 2883 quam
1038 2824 1167 2872 facta
1202 2830 1359 2884 erant,
1402 2839 1494 2885 quo
1529 2826 1670 2873 modo
1704 2832 1788 2874 aut
1818 2842 1909 2887 quo

139 2903 336 2949 auctore
369 2904 507 2961 gesta
539 2907 721 2964 essent,
764 2904 1051 2963 nesciretur3
1099 2909 1245 2966 atque
1289 2906 1368 2953 illa
1415 2910 1573 2955 aetate
1625 2910 1721 2955 tam
1761 2909 1911 2957 multa

185 3125 198 3130 ρ
244 3080 287 3130 1)
315 3081 366 3121 cf.
390 3081 657 3122 Schaeferum
688 3083 751 3129 ΙΙΙ,
783 3083 871 3123 230.
955 3086 999 3132 2)
1028 3085 1077 3125 cf.
1108 3084 1338 3125 Hoffmann.
1371 3086 1391 3125 Ι.
1424 3086 1449 3125 l.
