2063 3494
1017 207 1086 258 36

1021 282 1270 289 —...——-—

154 367 349 416 sthenes
409 371 574 428 aperte
635 367 890 415 ostendere
951 375 1065 415 non
1092 367 1342 415 omisisset.
1434 368 1599 429 Neque
1650 382 1931 431 quemquam

154 449 390 508 videmuS,
434 448 518 508 qui
568 447 691 495 hanc
731 447 1017 496 sententiam
1047 447 1355 509 amplexetur.
1433 449 1604 509 Itaque
1636 450 1930 500 concedimus

155 529 357 590 quidem,
402 528 632 576 nonnulla
663 528 844 576 leviora
879 531 929 576 et
962 528 1155 577 minoris
1190 528 1418 577 momenti
1451 534 1562 590 post
1594 535 1780 579 mutata
1811 544 1929 591 esse,

153 609 237 655 sed
284 609 632 666 existimamUS,
688 622 897 656 summas
940 623 1103 656 rerum
1148 614 1294 669 atque
1342 611 1607 659 sententias
1649 612 1838 660 easdem
1881 612 1928 658 in

152 688 330 747 habita,
363 687 553 735 easdem
586 688 636 735 in
669 688 849 748 scripta
883 688 1096 737 oratione
1129 688 1273 737 fuisse
1297 689 1350 750 ·).

894 893 1060 956 Caput
1097 891 1179 943 v1.

151 993 271 1044 lle
304 989 505 1043 tertii
537 967 1204 1055 argumentationis
1246 990 1390 1044 loci
1425 993 1624 1045 omn!
1655 992 1929 1044 natura
2006 1010 2009 1013 ’

830 1069 1241 1123 disseritur.

276 1189 507 1237 Absoluta
540 1189 856 1237 accusationis
881 1194 1038 1250 parte,
1073 1204 1194 1250 quae
1229 1191 1278 1237 in
1309 1190 1424 1250 ipsis
1449 1190 1634 1249 legibus
1670 1190 1927 1239 afferendis

147 1270 619 1331 interpretandisque
641 1270 798 1330 posita
811 1274 961 1317 est—
978 1270 1027 1317 id
1051 1270 1176 1330 quod
1202 1269 1422 1317 rhetores
1447 1269 1659 1331 νόμιμον
1682 1275 1925 1318 vocant—-

145 1351 404 1399 Aeschines
427 1350 491 1397 ad
513 1363 619 1397 eam
643 1350 831 1410 transit,
855 1350 903 1396 in
926 1363 1019 1410 qua
1039 1350 1339 1410 potissimum
1363 1350 1627 1410 quaeritur,
1659 1364 1924 1410 aequumne

145 1432 221 1489 sit,
257 1429 629 1477 Demosthenem
658 1435 854 1489 propter
884 1431 1033 1478 vitam
1065 1443 1201 1477 suam
1236 1434 1285 1478 et
1319 1444 1395 1478 res
1428 1434 1589 1490 gestas
1622 1431 1838 1478 coronari
1862 1458 1921 1466 -

144 1511 193 1558 id
228 1509 354 1570 quod
388 1509 579 1555 δίκαιον
618 1508 686 1555 illi
720 1513 908 1556 vocant.
951 1535 1001 1542 —-
1036 1509 1261 1557 Protinus
1294 1522 1421 1577 vere,
1455 1514 1509 1556 ut
1542 1510 1921 1557 demonstratum

144 1592 258 1649 erit,
311 1591 441 1637 illum
487 1593 624 1636 tant-o
669 1589 849 1650 honore
882 1590 1129 1648 indignum
1166 1603 1296 1647 esse,
1341 1603 1397 1636 eo
1440 1589 1544 1649 ipso
1575 1591 1815 1650 sequitur,
1866 1598 1923 1639 ut

145 1669 403 1730 Ctesiphon
439 1673 609 1716 contra
642 1668 772 1728 leges
799 1660 1057 1729 rogaverit,
1092 1682 1214 1729 quae
1233 1667 1356 1716 falsa
1375 1668 1424 1715 in
1453 1668 1750 1728 populiscitis
1776 1670 1921 1717 scribi

141 1755 321 1797 vetant.
392 1749 518 1795 Haec
551 1750 697 1808 igitur
729 1733 843 1808 pars
878 1750 1079 1796 maxime
1113 1749 1162 1796 in
1196 1749 1489 1809 expositione
1512 1753 1561 1796 et
1585 1748 1920 1798 diiudicatione

142 1845 298 1877 rerum
335 1833 583 1889 gestarum
616 1836 848 1876 versatur.
925 1827 1102 1887 Magno
1137 1832 1294 1876 autem
1327 1827 1442 1876 vilio
1471 1832 1666 1876 vertunt
1699 1829 1918 1877 Aeschini

139 1908 356 1957 nonnulli
388 1923 445 1957 ex
480 1908 771 1969 antiquitate
805 1913 853 1956 et
885 1907 1026 1956 huius
1070 1909 1274 1968 aetatis,
1323 1908 1450 1970 quod
1498 1909 1546 1956 in
1587 1911 1745 1969 priore
1781 1923 1919 1957 accu-

141 1990 341 2037 sationis
376 1993 516 2048 parte
552 2002 646 2035 non
674 1988 979 2048 acquieverit,
1013 1988 1096 2035 sed
1115 1987 1238 2035 hanc
1262 2002 1452 2048 quoque
1477 1989 1741 2044 addiderit3
1775 2004 1918 2049 quam

139 2072 180 2118 si
213 2084 306 2118 non
347 2070 604 2129 attigisset,
638 2083 735 2116 non
771 2067 963 2116 dubium
998 2082 1103 2116 esse
1136 2073 1345 2129 censent,
1378 2068 1489 2129 quin
1512 2068 1687 2117 iudiclo
1711 2069 1916 2118 vicisset.

139 2153 196 2199 In
230 2151 320 2199 hoc
353 2164 547 2198 numero
583 2153 695 2197 sunt
728 2149 774 2209 ii,
806 2149 890 2209 qui
921 2149 982 2196 ab
1017 2152 1209 2197 auctore
1232 2162 1408 2210 eorum,
1440 2162 1564 2209 quae
1584 2149 1691 2198 huic
1710 2151 1917 2198 orationi

136 2232 280 2291 vulgo
313 2230 697 2291 praemittuntur,
729 2235 856 2282 τινές
894 2233 1129 2277 vocantur
1142 2232 1202 2289 ²),
1235 2230 1447 2289 inprimis
1479 2235 1642 2276 autem
1669 2230 1915 2291 Syrianus,

135 2313 301 2358 rhetor
318 2313 387 2370 ⁸),
430 2314 479 2357 et
525 2325 583 2357 ex
625 2312 792 2357 nostra
842 2313 1004 2356 aetate
1046 2309 1339 2368 SpengeliuS.
1417 2309 1513 2357 Sed
1556 2309 1658 2356 iure
1690 2309 1784 2358 illis
1819 2310 1913 2372 ille,

138 2393 210 2439 Lis
230 2390 586 2439 Maximilianus
607 2388 925 2436 Hoffmannus
942 2388 988 2449 ⁴¹)
1023 2388 1245 2436 occurrit.
1311 2388 1455 2436 Recte
1479 2388 1571 2448 ille,
1606 2401 1754 2448 quum
1781 2390 1914 2438 dicit:

137 2470 387 2536 »Μήποτε
436 2470 493 2516 δὲ
546 2467 730 2532 ἄριστα
775 2471 922 2515 τοῦτο
962 2470 1192 2530 ἔπραξεν.
1239 2469 1416 2531 ἐπειδή
1460 2470 1552 2529 γάρ
1608 2463 1710 2528 εἶχε
1758 2469 1916 2527 δόξαν

132 2552 352 2613 μεγάλην
385 2552 527 2612 παρα
551 2553 683 2598 πᾶσι
703 2550 785 2596 καὶ
810 2549 1069 2615 ὑπόληψιν
1092 2549 1119 2595 o‘
1143 2552 1474 2611 Δημοσθένης
1497 2548 1559 2603 ὥς
1580 2548 1914 2610 λαμπρότατα

132 2632 576 2691 πεπολιτευμένος,
630 2630 829 2684 εἰκότως
886 2628 1028 2692 ᾠήθη
1074 2614 1296 2696 ψυρξρούς
1352 2629 1434 2675 καὶ
1490 2629 1691 2684 οὐδενός
1744 2630 1912 2686 α’ξίους

132 2714 460 2777 φανήσεσθαι
492 2712 607 2765 τούς
652 2711 769 2771 περὶ
821 2712 921 2756 τῶν
953 2709 1262 2771 παρανόμων
1305 2710 1497 2771 λόγους,
1547 2710 1592 2758 εἰ
1636 2712 1706 2775 μή
1756 2710 1914 2769 δόξαν

134 2796 304 2849 αὐτοῖς
337 2793 602 2855 ἐμποιήοει
634 2791 724 2854 τήν
759 2792 1009 2849 ἐναντίαν,
1045 2790 1107 2845 ὠς
1139 2789 1239 2851 ἄρα
1260 2790 1289 2836 ὁ
1316 2797 1645 2855 Δημοσθένης
1675 2792 1911 2848 κακόνους

132 2876 239 2923 ἐστὶ
274 2876 344 2934 τῷ
377 2872 520 2936 δήμῳ
562 2872 644 2918 καὶ
681 2871 895 2932 αἰσχρῶς
926 2872 1008 2917 καὶ
1049 2871 1374 2931 ἐπιμέμπτως
1406 2873 1779 2919 πεπολίτευται.
1825 2873 1911 2919 δια

240 3002 282 3049 1)
312 2999 362 3037 cf.
399 2996 683 3047 Schaeferum,
721 2997 787 3047 ΙΙΙ,
820 3000 925 3046 part.
967 2997 1020 3037 1¹:
1061 2997 1123 3047 ΙΙΙ,
1160 2996 1185 3035 4
1228 3009 1268 3046 p.
1307 2999 1367 3049 75,
1408 2998 1470 3049 77,
1507 3000 1577 3045 813
1627 2997 1694 3036 eui
1730 2996 1781 3036 de
1821 3001 1909 3037 tota

129 3064 315 3104 oratione
343 3064 422 3102 hoc
450 3061 650 3101 iudicanti
680 3060 844 3100 omnino
873 3061 1086 3102 assentior.
1150 3063 1188 3113 2)
1218 3061 1268 3101 cf.
1296 3073 1423 3112 supra
1451 3074 1490 3112 p.
1514 3061 1575 3101 27.
1628 3061 1668 3111 3)
1697 3060 1746 3101 cf.
1776 3073 1817 3112 p.
1840 3064 1905 3103 27.

128 3131 172 3177 4)
201 3127 443 3168 Zeitschrift
479 3128 505 3166 f.
545 3126 582 3166 d.
622 3125 1015 3177 Gymnasialwesen,
1059 3127 1179 3166 1866:
1221 3127 1305 3166 Zur
1349 3126 1615 3176 Beurteilung
1650 3125 1722 3166 des
1760 3126 1907 3167 Demo-

128 3195 310 3245 sthenes,
336 3206 377 3244 p.
409 3192 498 3232 766.
