2063 3494
959 185 1029 236 34

102 343 296 403 vigebat
329 344 644 404 consuetud0,
687 346 742 392 ut
775 345 946 405 quovis
988 342 1201 406 te'mpore
1235 348 1284 392 et
1326 344 1494 404 quavis
1529 345 1713 394 rat-ione
1748 343 1880 405 leges

102 425 165 473 ad
201 423 428 486 populum
472 423 652 472 ferrent
696 438 849 486 neque
894 425 951 474 de
993 425 1052 474 iis
1083 424 1385 473 nomothetas
1427 425 1640 474 sinerent
1670 426 1881 475 iudicare

103 509 222 553 etc«
300 505 376 552 Ita
408 504 638 552 accidisse
669 506 848 566 possit,
894 510 970 561 ut,
1018 520 1162 566 quum
1195 505 1269 551 lex
1305 505 1589 565 Dionysiaca
1622 506 1879 565 ferebatur,

101 586 317 645 exceptio
352 585 434 631 illa
464 599 520 631 ea
553 590 727 645 niente,
764 600 907 645 quam
939 586 1286 634 Demosthenes
1321 585 1570 645 significat,
1604 586 1877 646 adderetur,

101 666 192 712 etsi
243 665 398 711 altera
443 664 519 711 lex
564 666 806 713 contraria
850 666 1055 714 nondum
1104 667 1337 725 abrogata
1386 670 1504 712 erat.
1590 666 1674 714 Sin
1719 672 1878 714 autem

102 744 360 792 Aeschines
390 742 491 790 fieri
523 757 662 803 posse
694 749 860 804 negat,
905 749 960 792 ut
994 746 1122 792 (luae
1153 745 1280 804 leges
1315 745 1440 792 inter
1478 758 1530 793 se
1563 750 1880 805 repugnantes

108 829 299 872 exstent
334 827 382 871 et
409 823 615 882 valeant,
648 824 765 871 nihil
798 824 931 871 aliud
965 839 1106 885 quam
1138 825 1392 873 artificium
1423 829 1518 884 est,
1551 839 1647 885 quo
1681 830 1796 884 tum,
1829 831 1882 873 ut

105 905 438 966 probabiliora,
473 917 595 963 quae
629 904 689 952 de
720 904 839 963 legis
866 904 1182 966 Dionysiacae
1218 906 1400 966 origine
1433 920 1488 954 ac
1512 906 1557 953 vi
1578 906 1879 967 expositurus

106 986 192 1046 sit,
226 985 421 1044 reddat,
461 991 583 1043 tum,
627 988 684 1031 ut
721 984 1000 1032 blandiatur
1030 986 1421 1045 AtheniensibuS,
1464 987 1546 1046 qui
1588 986 1753 1034 laudes
1790 986 1882 1032 rei-

98 1066 315 1126 publicae
359 1079 472 1112 suae
515 1064 718 1111 libenter
752 1064 996 1124 audirent,
1041 1066 1213 1114 utitur.
1291 1066 1341 1115 si
1370 1067 1537 1126 igitur
1585 1068 1654 1114 ita
1698 1080 1750 1114 se
1803 1080 1878 1114 res

100 1145 293 1205 habeat,
328 1150 531 1204 uterque
564 1145 753 1204 quidem
783 1158 871 1204 pro
906 1158 996 1193 sua
1027 1150 1168 1205 parte
1202 1150 1330 1193 recte
1363 1146 1638 1205 disputavit,
1667 1151 1880 1206 praeter—

102 1240 244 1287 quam
293 1225 418 1286 quod
465 1224 719 1272 Aeschines
769 1226 1058 1272 sententiam
1098 1239 1154 1273 ac
1211 1225 1354 1273 verba
1407 1224 1526 1286 legis
1566 1227 1880 1287 Dionysiacae

105 1308 325 1357 detorsit.
393 1306 510 1366 Sed,
545 1319 689 1366 quum
723 1319 779 1352 ex
818 1305 894 1365 iis,
926 1319 1049 1365 quae
1084 1306 1131 1353 in
1163 1311 1413 1367 utramque
1446 1311 1631 1367 partem
1667 1302 1902 1367 disputa?

104 1390 272 1447 vimuS,
306 1387 453 1434 multo
485 1387 639 1433 minor
673 1385 791 1434 fides
821 1385 1156 1434 Demosthenis
1189 1387 1590 1446 argumentationi
1626 1387 1879 1435 tribuenda

102 1483 206 1518 esse
244 1469 487 1528 videatur,
538 1466 814 1515 concludere
853 1466 1041 1527 licebit,
1075 1467 1377 1527 Aeschinem,
1421 1467 1546 1527 quod
1596 1467 1783 1528 quidem
1817 1468 1877 1515 ad

104 1564 337 1598 summam
370 1549 438 1595 rei
472 1548 701 1607 attineat,
737 1548 1009 1606 convicisse,
1039 1546 1414 1607 Ctesiphontem,
1445 1548 1570 1608 quod
1604 1548 1654 1596 in
1688 1548 1877 1597 theatro

104 1630 472 1678 Demosthenem
518 1628 740 1675 coronari
787 1628 1145 1687 renuntiarique
1206 1628 1458 1688 voluisset,
1521 1633 1690 1676 contra
1746 1629 1878 1688 leges

104 1724 312 1770 rogasse,
349 1722 648 1769 quamquam,
694 1708 893 1755 eundem
927 1708 1108 1755 callidis
1143 1708 1326 1756 artibus
1367 1693 1457 1756 vim
1491 1712 1875 1768 argumentorum

102 1806 309 1847 suorum
330 1803 528 1849 augere,
561 1788 912 1836 concedendum
945 1792 1033 1835 est.

227 1870 301 1919 Ad
333 1874 599 1917 extremum
622 1869 778 1927 liceat,
812 1868 925 1928 quid
948 1868 1114 1916 Cicero
1138 1869 1199 1915 de
1221 1868 1308 1916 hoc
1337 1868 1442 1916 loco
1466 1869 1657 1929 sentiat,
1692 1867 1878 1916 afferre.

105 1953 195 2011 Qui
226 1955 353 2000 certe
384 1950 573 1997 videtur
606 1949 739 2008 sequi
774 1949 1071 2008 Aeschinem,
1108 1962 1249 2008 quum
1286 1947 1399 1996 dicit
1423 1949 1486 2009 ¹):
1539 1949 1723 2015 »Quum
1755 1954 1879 1997 esset

158 2073 194 2083 ..
229 2038 279 2081 et
310 2031 465 2080 altera
496 2030 596 2090 lex,
638 2043 743 2090 θος,
790 2029 869 2090 qui
915 2042 945 2077 a
990 2028 1167 2089 populo
1202 2028 1517 2089 donarentur,
1562 2029 1609 2077 in
1655 2029 1878 2077 concione

103 2115 271 2163 donari
306 2113 528 2160 debere«.
593 2111 675 2158 Sin
702 2125 814 2157 vero
847 2110 988 2170 paulo
1012 2109 1135 2157 infra
1155 2108 1204 2170 ²)
1234 2110 1435 2157 iudicat:
1474 2109 1712 2172 »(Causa)
1735 2109 1881 2158 habet

102 2202 153 2244 ct
196 2196 354 2254 legum
402 2190 847 2251 interpretationem
888 2190 1006 2237 satis
1049 2193 1239 2236 acutam
1284 2189 1332 2236 in
1372 2193 1617 2250 utramque
1648 2193 1878 2250 partem«,

102 2282 266 2323 tamen
300 2274 360 2321 ab
393 2271 626 2320 Aeschine
659 2284 846 2331 quoque
882 2284 978 2318 non
1012 2270 1112 2318 sine
1153 2270 1366 2319 artificiis
1401 2274 1451 2318 et
1484 2270 1683 2319 fallaciis
1718 2270 1878 2331 dispu-

101 2361 255 2405 tatum
288 2368 411 2415 esse,
448 2350 699 2413 significat.

228 2435 323 2484 Sed
354 2447 452 2481 non
482 2433 749 2491 defuerunt,
786 2432 882 2490 qui,
916 2430 1040 2477 hunc
1061 2431 1211 2478 locum
1235 2430 1376 2490 plane
1393 2430 1536 2477 alium
1559 2430 1618 2477 ab
1647 2430 1877 2477 Aeschine

102 2523 403 2579 peroratum,
434 2515 578 2562 alium
612 2517 744 2573 post,
786 2526 928 2571 quum
962 2512 1125 2559 ederet
1168 2511 1451 2570 orationem,
1495 2510 1723 2570 scriptum
1758 2522 1876 2571 esse,

102 2602 366 2648 censerent.
443 2595 588 2643 Velut
622 2593 866 2641 Dissenius
914 2591 1028 2640 dicit
1045 2591 1118 2653 ³):
1166 2591 1362 2640 »Videri
1406 2593 1567 2651 potest
1600 2589 1873 2648 Aeschines,

101 2693 247 2741 quum
291 2678 342 2724 in
387 2676 560 2723 iudicio
605 2674 802 2732 diceret,
851 2673 1064 2719 omisisse
1105 2676 1255 2719 totam
1300 2672 1621 2730 exceptionem
1662 2671 1782 2731 legis
1827 2676 1877 2719 et

100 2765 270 2820 postea
314 2758 528 2815 demum,
579 2768 723 2814 quum
757 2752 921 2801 ederet
959 2752 1241 2810 orationem,
1289 2755 1478 2816 reperta
1521 2751 1691 2799 callida
1729 2751 1879 2799 inter-

100 2839 367 2901 pretatione
401 2837 459 2885 de
494 2837 700 2892 ξενικοῖς
731 2831 1018 2894 στεφάνοις,
1062 2832 1184 2879 hanc
1217 2835 1399 2892 partem
1441 2832 1529 2890 sic,
1574 2836 1628 2878 ut
1660 2831 1877 2890 legimUS,

102 2921 397 2968 elaborasse:
457 2931 549 2976 quo
597 2916 753 2975 posito
813 2913 1073 2972 intelligaS,
1129 2927 1210 2960 cur
1254 2912 1599 2960 Demosthenes
1644 2910 1725 2959 hic'
1762 2910 1876 2958 nihil

104 2999 392 3059 respondeat
425 2998 482 3044 de
509 2994 903 3055 interpretatione
936 2993 1044 3052 ista,
1079 3005 1220 3052 quam
1245 3006 1339 3040 non
1371 2991 1678 3039 audivisset«.
1744 2990 1876 3048 Quae

210 3172 252 3221 1)
280 3171 345 3210 De
376 3174 459 3219 opt.
487 3180 577 3217 gen.
610 3180 666 3207 or.
699 3169 736 3214 7,
769 3169 828 3206 19.
904 3165 948 3215 2)
975 3164 1075 3205 ibid.
1105 3167 1167 3205 20.
1234 3165 1278 3213 3)
1309 3163 1357 3202 ad
1387 3163 1504 3201 Dem.
1533 3159 1585 3201 de
1616 3172 1699 3204 cor,
1732 3160 1754 3212 ἓ
1788 3163 1873 3202 120.
