2063 3494
1044 98 1077 149 7

845 175 920 183 —

180 259 336 308 oratio
362 259 571 306 animum
593 259 821 307 auditoris
848 259 1014 307 idonee
1031 272 1314 318 comparans
1337 258 1399 305 ad
1422 258 1655 318 reliquam
1675 260 1942 321 dictionem,

176 339 247 389 ita
281 343 337 387 ut
367 339 642 400 propensior
676 339 740 389 sit
774 339 838 388 ad
871 338 1173 388 audiendum.
1241 338 1292 387 Si
1324 338 1600 400 principium
1640 342 1769 388 recte
1809 340 1945 389 insti-

178 423 334 467 tutum
369 423 420 467 et
458 420 610 480 perite
653 421 716 468 ad
746 433 934 479 eorum,
982 419 1066 479 qui
1112 419 1339 478 audiunt,
1385 432 1551 467 sensus
1590 419 1945 467 accomodatum

177 503 267 560 est,
300 512 442 561 saepe
474 499 542 562 fit,
577 505 634 550 ut
662 500 710 549 hi
743 499 872 560 capti
904 494 955 547 e't
983 499 1224 559 praerepti
1258 499 1318 546 ab
1351 502 1546 547 oratore
1576 503 1735 548 cetera
1756 511 1946 560 quoque

177 593 283 628 cum
319 580 497 628 maiore
530 580 687 628 studio
720 580 923 627 audiant
965 582 1015 626 et
1052 578 1112 626 de
1150 581 1585 638 argumentatione,
1628 580 1672 627 si
1711 592 1836 638 quae
1874 579 1946 626 in-

174 660 387 708 firmiora
421 664 471 708 et
501 660 679 708 leviora
712 672 817 707 esse
849 659 1131 717 videantur,
1168 658 1323 707 lenius
1356 659 1579 707 iudicent.
1657 657 1863 717 Contra,
1904 658 1946 706 si

175 739 298 788 male
330 743 380 788 et
410 740 579 789 vitiose
611 742 686 787 est
718 739 1049 800 compositum,
1089 737 1193 786 fieri
1233 742 1419 799 potest,
1469 742 1525 786 ut
1572 738 1758 787 illorum
1797 738 1941 786 animi

174 819 245 867 ita
283 819 638 879 abalienentur‚
687 822 744 866 ut
786 824 872 867 aut
916 833 1068 879 parva
1111 819 1184 866 vel
1227 818 1361 866 nulla
1402 818 1667 867 attentione
1708 818 1941 878 reliquam

174 900 439 948 orationem
487 899 687 947 audiant
725 903 836 959 aut,
894 900 1019 947 mala
1058 899 1279 960 opinione
1319 899 1474 959 ducti,
1532 898 1760 960 optimam
1801 911 1942 959 argu-

176 979 518 1027 mentationem
560 992 654 1027 non
696 979 914 1040 probent.
988 979 1056 1027 Ut
1102 993 1196 1027 uno
1247 979 1391 1027 verbo
1444 979 1824 1039 complectamur,
1876 978 1940 1026 ad

174 1059 496 1107 conciliandos
538 1060 738 1107 maxime
778 1060 961 1107 animos
1008 1060 1298 1119 prooemium
1340 1063 1539 1120 spectat.
1613 1058 1940 1107 Conciliantur

173 1143 357 1201 autem,
391 1139 473 1200 qui
501 1140 731 1201 audiunt,
770 1140 921 1188 tribus
954 1140 1121 1200 rebuS,
1165 1140 1205 1188 si
1233 1140 1504 1201 benevolos,
1546 1140 1587 1188 si
1619 1143 1858 1199 attentOS,
1900 1138 1941 1186 si

163 1220 349 1268 ‘dociles
389 1234 470 1268 eos
512 1219 775 1268 fecerimus,
857 1221 933 1268 Ad
983 1221 1356 1269 benevolentiam
1411 1221 1776 1280 comparandam
1827 1224 1941 1267 ante

174 1301 333 1348 omnia
366 1303 567 1361 oportet,
598 1304 852 1361 oratorem,
885 1301 1168 1361 praesertim
1203 1301 1241 1348 si
1276 1304 1482 1361 accuset,
1515 1300 1573 1348 de
1593 1300 1690 1348 suis
1719 1300 1858 1348 factis
1892 1304 1942 1348 et

176 1380 434 1428 virtutibus
466 1380 647 1428 modice
680 1384 730 1428 et
768 1381 869 1428 sine
902 1381 1181 1440 arrogantia
1214 1381 1392 1440 dicere,
1434 1380 1709 1439 honestum,
1751 1381 1941 1441 patriae

171 1462 430 1520 amantem,
456 1460 610 1519 ipsum
640 1474 755 1520 erga
781 1460 1333 1520 auditoresbenevolum
1360 1460 1565 1508 animum
1591 1474 1708 1520 prae
1732 1473 1783 1508 se
1803 1459 1941 1519 ferre,

173 1539 291 1587 talia
324 1540 512 1588 omnino
545 1540 689 1588 verba
721 1539 902 1600 facere,
950 1545 1007 1588 ut
1040 1553 1136 1587 non
1169 1539 1308 1588 modo
1350 1540 1409 1588 de
1444 1540 1661 1589 omnibus
1694 1540 1840 1588 rebus
1873 1540 1943 1587 di-

171 1620 295 1668 vinis
327 1619 637 1681 humanisque
668 1620 794 1668 idem
828 1624 972 1680 atque
1005 1620 1071 1668 illi
1106 1621 1296 1679 sentire,
1330 1621 1414 1668 sed
1443 1621 1587 1668 etiam
1606 1634 1709 1668 cum
1730 1620 1942 1668 moribus

171 1700 379 1749 civitatis
440 1714 700 1762 congruere
755 1701 970 1749 videatur
989 1701 1058 1762 ¹),
1122 1705 1414 1762 postremum
1463 1715 1569 1749 cum
1618 1701 1944 1750 moderatione

171 1781 378 1841 quadam
410 1795 468 1830 ac
493 1782 753 1830 lenitudine
782 1782 841 1830 de
864 1782 1137 1830 adversario
1172 1786 1219 1829 et
1253 1796 1357 1830 cum
1387 1780 1614 1829 nonnulla
1647 1781 1943 1830 audientium

170 1861 448 1907 laudatione
498 1862 666 1909 dicere.
746 1862 880 1918 Quae
922 1862 1123 1910 virtutes
1166 1861 1379 1909 efficiunt
1427 1861 1500 1920 id,
1562 1861 1686 1920 quod
1728 1862 1942 1911 rhetores

171 1940 341 1989 Graeci
381 1932 509 2003 ἦθος
550 1944 747 2001 vocant,
814 1940 1131 1998 Quintilianus
1148 1941 1191 1996 ²)
1239 1944 1397 1988 autem
1443 1939 1644 1989 affectus
1683 1941 1822 1990 mites
1867 1942 1943 1990 vel

170 2021 469 2082 compositos.

292 2102 362 2150 Ac
395 2101 524 2149 nulla
556 2101 749 2162 quidem
783 2115 944 2149 earum
978 2101 1038 2148 ab
1072 2101 1301 2149 Aeschine
1346 2100 1562 2160 neglecta
1606 2104 1693 2148 est.
1768 2098 1835 2149 Ut
1867 2115 1940 2161 ea,

169 2194 293 2242 quae
320 2182 533 2242 inprimis
567 2182 806 2229 emineant
840 2185 1222 2241 appareantque,
1260 2181 1586 2241 ostendamuS,
1628 2180 1792 2228 sedato
1827 2195 1941 2241 quo-

169 2262 278 2311 dam
306 2262 493 2310 dicendi
527 2275 697 2322 genere
731 2265 875 2322 atque
907 2261 1011 2309 miti
1040 2275 1123 2321 per
1155 2264 1308 2308 totum
1342 2261 1583 2309 exordium
1618 2261 1785 2309 utitur·
1819 2261 1937 2309 nihil

167 2344 383 2403 asperius
415 2347 500 2391 aut
532 2342 854 2390 vehementius
889 2346 1052 2390 contra
1075 2341 1438 2389 Demosthenem
1471 2346 1556 2390 aut
1582 2341 1939 2402 Ctesiphontem

170 2424 309 2485 dixit,
352 2424 483 2488 nulla
511 2423 745 2484 convicia,
777 2423 933 2471 nullas
969 2422 1251 2483 calumniaS,
1298 2422 1346 2470 in
1377 2423 1547 2483 quibus
1581 2422 1701 2471 alias
1721 2423 1938 2471 -maxime

166 2505 237 2553 vis
279 2505 419 2553 huius
470 2505 698 2552 orationis
752 2504 1063 2564 perspicitur,
1133 2503 1358 2563 protulit,
1414 2504 1527 2564 quin
1579 2505 1719 2551 etiam
1768 2518 1938 2551 nomen

166 2585 500 2633 Demosthenis
533 2598 766 2645 nusquam
800 2584 1082 2644 immiscuit,
1127 2587 1404 2644 tantumque
1439 2584 1586 2632 semel
1619 2584 1938 2645 Ctesiphontis

167 2679 338 2714 nomen
371 2667 780 2726 commemoravit,
815 2678 871 2713 ac
902 2679 961 2713 ne
991 2665 1078 2713 hoc
1111 2664 1297 2726 quidem
1330 2679 1435 2712 cum
1459 2664 1803 2725 significatione
1826 2665 1937 2724 odii,

167 2746 252 2796 sed
286 2750 344 2795 ut
375 2760 452 2794 res
489 2748 591 2807 ipsa
633 2752 682 2796 et
727 2748 881 2797 oratio
930 2746 1129 2795 ferebat.
1210 2746 1355 2806 Nam,
1416 2746 1503 2794 etsi
1552 2745 1728 2794 multus
1771 2750 1847 2795 est
1888 2748 1937 2795 in

165 2827 554 2889 reprehendendo
586 2828 947 2889 querendoque,
999 2832 1160 2875 tamen
1202 2841 1298 2873 non
1341 2830 1438 2873 tam
1480 2826 1528 2873 in
1559 2839 1692 2874 reum
1726 2830 1812 2875 aut
1844 2827 1938 2876 De-

164 2907 486 2968 mosthenem,
535 2909 724 2956 omnino
788 2923 882 2957 non
933 2912 1031 2956 tam
1092 2908 1140 2954 in
1200 2907 1434 2967 singuIOS,
1496 2920 1615 2967 quos
1657 2908 1937 2956 nominatim

271 3083 314 3131 1)
344 3080 404 3123 ct.
433 3079 559 3122 Arist.
587 3081 690 3122 rhet.
720 3081 747 3128 1,
777 3082 813 3121 8.
850 3102 895 3110 -
932 3082 975 3130 2)
1005 3081 1069 3122 De
1096 3079 1189 3120 inst.
1217 3083 1318 3119 orat.
1346 3079 1408 3130 VI,
1438 3080 1462 3117 2
1491 3090 1579 3129 sqq.
