2063 3494
1011 102 1077 154 17

157 265 301 315 verba
336 264 527 314 faceret.
605 264 678 314 De
712 265 897 314 ratione
929 268 1116 323 autem,
1165 276 1258 321 qua
1303 262 1474 311 ductus
1509 263 1762 314 Aeschines
1803 267 1922 317 hanc

156 347 333 397 ordinis
381 346 725 396 conversionem
774 344 1064 405 instituerit,
1123 346 1234 404 post
1293 342 1573 392 videbimus.
1661 344 1838 394 Tamen
1885 348 1925 396 is

157 427 368 489 neglexit
401 427 706 487 partitionem
740 417 1182 484 ac'tantummodO,
1227 437 1372 484 quum
1416 424 1479 471 ad
1513 437 1747 485 quemque
1777 425 1927 473 locum

156 512 463 570 pervenerat,
513 491 601 568 per
650 506 1002 564 transitionem,
1049 517 1192 564 quain
1243 508 1430 564 vocant,
1488 517 1717 551 summam
1768 518 1928 553 rerum

155 589 414 650 praemisit.
492 588 742 647 Quodnum
779 585 1078 646 imprudenS‚
1121 598 1181 632 an
1220 584 1276 632 de
1312 585 1550 632 industria
1581 584 1772 644 fecerit,
1805 600 1927 634 nunc

156 670 458 731 inquiramus
533 669 602 716 Ac
641 668 775 715 nobis
822 666 1007 727 quidem
1050 665 1217 713 fecisse
1249 665 1440 713 videtur
1471 665 1702 713 consulto.
1769 665 1925 724 Quum

157 750 281 798 enim
323 763 525 809 aequum
571 755 723 808 esset,
781 746 926 794 libelli
970 746 1177 794 ordinem
1234 747 1282 793 in
1324 746 1536 794 oratione
1579 760 1796 807 servare,
1844 748 1927 795 sed

156 830 304 877 nihilo
344 829 499 876 minus
544 827 619 875 hic
660 826 720 874 ab
765 834 832 875 eo·
861 826 1127 886 recederet,
1175 826 1454 886 prudentiae
1501 830 1630 886 erat,
1686 826 1736 874 id
1785 840 1927 887 quam

157 909 361 957 maxime
406 908 590 956 occulte
633 907 812 968 facere,
865 921 923 955 ne
965 910 1067 968 ipse
1108 906 1253 955 fateri
1297 906 1562 967 videretur,
1612 911 1710 955 tam
1755 908 1929 957 malam

158 1004 292 1038 suam
338 1003 529 1038 causam
573 1003 698 1049 esse,
746 992 802 1037 ut
840 989 957 1037 artis
1001 1002 1089 1049 ope
1135 988 1178 1036 ei
1221 992 1349 1036 esset
1390 987 1780 1037 subveniendum.
1846 990 1928 1039 Sin

161 1085 273 1119 vero
308 1070 565 1131 partitione
600 1083 712 1117 usus
746 1074 886 1130 esset,
931 1069 1108 1117 iudices
1140 1069 1339 1116 maxime
1373 1068 1421 1116 in
1455 1068 1769 1117 differentiam
1800 1070 1925 1119 illam

157 1137 481 1198 convertisset.
561 1150 718 1207 Quare
767 1150 993 1209 optimum
1041 1153 1165 1206 erat,
1216 1149 1368 1208 quoad
1418 1149 1518 1196 eius
1572 1150 1674 1197 fieri
1719 1155 1926 1210 poterat,

155 1231 343 1279 silentio
386 1244 485 1278 rem
530 1229 829 1278 dissimulare
875 1233 923 1277 et
969 1229 1136 1277 statim
1175 1229 1235 1276 ad
1278 1229 1739 1289 argumentationem
1774 1230 1924 1291 ipsam

156 1311 388 1370 transire,
430 1310 564 1369 quasi
597 1298 751 1357 omnia
797 1309 918 1357 bene
964 1312 1013 1356 et
1057 1313 1186 1356 recte
1228 1322 1277 1356 se
1311 1308 1555 1356 haberent.
1624 1309 1773 1356 »Nam
1806 1311 1925 1358 artis

154 1394 252 1449 est,
302 1394 456 1437 artem
500 1393 706 1448 tegere«.
782 1390 933 1446 Quum
977 1393 1138 1436 autem
1182 1390 1383 1448 suspicio
1428 1388 1616 1436 artificii
1657 1391 1782 1449 apud
1828 1404 1923 1451 θος,

152 1470 234 1530 qui
268 1469 481 1531 audiunt,
513 1474 562 1518 et
592 1470 793 1518 ora-oris
816 1470 1151 1518 auctoritatem
1178 1473 1227 1531 et
1249 1470 1477 1517 orationis
1500 1469 1639 1517 fidem
1661 1469 1924 1530 imminuat,

154 1564 251 1597 non
284 1564 394 1597 raro
428 1550 504 1610 fit,
551 1554 605 1597 ut
648 1551 709 1597 ad
754 1550 996 1597 vitandam
1041 1550 1170 1596 illam
1214 1554 1430 1597 oratores
1475 1550 1677 1597 iudicum
1723 1552 1922 1599 arbitrio

155 1630 457 1690 permittant,
504 1645 595 1690 quo
640 1630 742 1677 loco
776 1630 834 1677 de
867 1643 1056 1689 quaque
1091 1644 1142 1676 re
1178 1643 1227 1677 se
1262 1629 1413 1677 dicere
1447 1630 1601 1678 velint·
1651 1644 1745 1690 qua
1779 1632 1837 1679 de
1871 1646 1924 1679 re

156 1708 280 1756 infra
316 1709 454 1769 plura
486 1710 786 1769 proferemus.

904 1916 976 1966 Ga
1010 1916 1070 1964 ut
1100 1912 1184 1964 IV.

386 2011 505 2063 De
538 1930 1196 2078 argumentagionis
1229 2012 1392 2064 loeo
1423 2010 1687 2076 primo.

277 2113 402 2172 Sed,
452 2118 505 2161 ut
553 2113 940 2161 accedamusad
975 2114 1431 2173 argumentationem
1478 2114 1650 2173 ipsam,
1692 2115 1739 2162 in
1772 2115 1924 2175 prima

152 2198 290 2254 parte
321 2194 577 2242 Aeschines
614 2194 905 2255 praemittit,
948 2208 1034 2255 per
1063 2193 1191 2254 leges
1240 2209 1333 2242 non
1379 2193 1543 2254 licere,
1587 2209 1717 2254 eum,
1762 2196 1844 2256 qui
1876 2196 1926 2244 in

153 2274 442 2335 magistratu
460 2275 522 2322 sit
545 2275 745 2323 necdum
765 2275 975 2323 rationes
997 2275 1227 2334 retulerit,
1260 2288 1437 2322 corona
1455 2275 1644 2323 donare.
1714 2276 1924 2334 Quarum

155 2359 211 2401 ut
247 2356 336 2403 vim
368 2359 416 2403 et
443 2356 700 2403 utilitatem
733 2356 956 2415 declaret,
991 2357 1053 2403 ad
1089 2369 1209 2414 quas
1231 2356 1640 2403 incommoditates
1675 2370 1731 2404 ac
1758 2357 1926 2405 turbas

152 2435 457 2483 removendas
491 2449 576 2483 eae
609 2435 897 2484 constitutae
930 2436 1036 2496 sint,
1070 2439 1182 2496 apte
1216 2435 1407 2496 exponit
1440 2438 1500 2495 et,
1538 2448 1679 2495 quam
1711 2435 1925 2487 fraudem

154 2515 369 2562 nonnulli
391 2516 448 2563 iis
472 2515 628 2563 facere
651 2516 849 2576 soleant,
882 2515 1103 2563 ostendit.
1173 2515 1528 2575 Ctesiphontem
1556 2529 1663 2562 vero
1687 2521 1852 2576 aperte
1878 2521 1927 2563 et

152 2593 380 2642 audacter
407 2610 488 2644 eas
511 2597 712 2645 violasse
736 2596 866 2645 dicit.
932 2596 1133 2656 Deinde,
1166 2596 1472 2644 Demostheni
1496 2610 1546 2645 re
1567 2610 1682 2644 vera
1716 2597 1926 2645 rationes

155 2678 269 2722 tunc
301 2674 572 2724 referendas
610 2676 766 2737 fuisse,
798 2676 889 2725 hoc
914 2676 1190 2736 syllogismo
1213 2676 1530 2724 demonstrat:
1566 2676 1807 2735 OmnibUS,
1841 2677 1925 2736 qui

153 2755 359 2815 aliquam
384 2756 670 2816 reipublicae
691 2763 878 2818 partem
899 2757 1248 2816 administrant,
1273 2757 1482 2804 rationes
1502 2760 1612 2802 sunt
1631 2755 1922 2804 referendae.

150 2834 295 2895 Atqui
355 2835 722 2884 administrabat
767 2837 1107 2886 Demosthenes
1166 2841 1351 2896 partem
1409 2835 1706 2895 reipublicae.
1791 2836 1922 2896 Ergo

150 2916 361 2963 rationes
398 2917 449 2964 ei'
475 2922 613 2964 erant
641 2917 928 2966 referendae.
1002 2918 1169 2977 Neque
1205 2932 1312 2966 vero
1352 2917 1415 2964 ad
1451 2916 1672 2964 subtilem
1708 2931 1922 2965 normam

148 2993 534 3057 philosophorum
578 3013 684 3045 eum
728 2998 987 3059 expressit,
1048 2997 1131 3046 sed
1183 3012 1284 3046 cum
1328 3001 1566 3045 oratorum
1619 2997 1813 3046 licentia
1853 2999 1923 3046 ita

146 3075 477 3139 amplificavit,
532 3082 587 3126 ut
620 3080 667 3126 in
704 3082 800 3127 tres
832 3078 1011 3127 formas
1045 3079 1358 3139 distraheret,
1404 3092 1524 3139 quas
1559 3083 1607 3126 et
1628 3079 1778 3139 ‘ipsas
1814 3093 1920 3138 non,

1680 3161 1703 3198 2
