2063 3494
982 91 1050 156 43

1048 179 1234 186 ,-.-.-

136 268 314 327 suit¹),
348 265 452 322 sed,
486 267 540 311 ut
569 263 705 312 nobis
730 264 943 325 videtur,
978 264 1135 311 minus
1167 267 1319 323 recte,
1354 262 1582 323 siquidem
1612 264 1895 312 necessitate

133 346 336 408 quadam
369 347 558 392 coactus
583 342 642 390 ad
675 357 779 391 eam
804 343 1072 403 confugisse
1088 342 1346 390 Aeschines
1370 341 1607 402 putandus
1630 347 1718 390 est.
1761 343 1897 402 Nam,

132 440 275 488 quum
309 436 551 483 nunquam
583 427 726 470 antea
755 423 829 482 id,
864 423 989 482 quod
1022 422 1071 469 in
1106 422 1349 482 republica
1379 422 1585 481 gerenda
1618 422 1709 469 sibi
1740 422 1895 469 animo

132 507 474 568 proposuerat,
507 507 673 563 aperte
703 502 975 563 indicasset,
1011 515 1162 563 neque
1195 514 1400 562 unquam
1435 503 1499 563 is,
1542 502 1621 564 qui
1653 505 1784 550 totus
1819 502 1897 549 de·

135 586 262 634 ditus
286 591 412 632 esset
434 581 748 631 Macedonum
774 583 982 643 regibus,
1016 582 1187 631 haberi
1205 583 1452 644 voluisset,
1477 584 1518 631 si
1535 587 1637 631 tum
1658 582 1896 631 confessus

133 667 287 724 esset,
333 662 539 711 iudicum
580 663 724 710 animi
766 663 866 711 sine
906 662 1046 711 dubio
1094 662 1260 712 offensi
1304 668 1353 712 et
1405 677 1598 725 prorsus
1643 663 1899 712 abalienati

135 748 306 793 essent.
371 742 493 801 Quid
522 742 671 802 igitur
703 742 1082 804 relinquebatur,
1117 743 1234 804 nisi,
1270 748 1340 805 ut,
1373 757 1489 805 quas
1520 747 1688 805 partes
1712 757 1898 804 semper

133 824 331 885 egisset,
372 823 564 871 easdem
599 823 647 870 in
678 822 767 870 hac
801 837 946 871 causa
978 824 1269 871 sustineret?

259 903 552 952 Matthaeius
580 904 696 952 dicit
720 903 768 950 in
792 903 950 951 libello
978 904 1245 952 academico
1274 904 1333 952 de
1354 903 1585 953 Aeschine
1620 908 1812 952 oratore
1829 904 1895 965 ²):

136 984 231 1033 »Ut
264 983 346 1044 iis,
382 996 504 1043 quae
537 983 597 1031 ab
633 989 822 1031 oratore
854 983 1096 1045 dicuntur,
1128 984 1319 1032 auditor
1349 983 1489 1033 fidem
1522 985 1710 1045 habeat,
1743 984 1897 1033 tribus

135 1064 287 1113 modis
331 1063 544 1112 efficitur.
625 1063 812 1111 Etenim
855 1064 1043 1111 auditor
1085 1079 1182 1111 rem
1217 1079 1378 1112 veram
1424 1069 1592 1125 putat,
1641 1065 1716 1113 vel
1755 1079 1898 1125 argu-

134 1144 308 1193 mentis
340 1149 522 1205 motus,
567 1143 643 1191 vel
676 1144 787 1208 quia
821 1144 1029 1204 aliquam
1064 1144 1122 1193 de
1162 1145 1369 1194 moribus
1405 1146 1603 1194 dicentis
1636 1146 1898 1207 opinionem

133 1225 302 1285 habet,
338 1225 411 1272 vel
444 1225 557 1285 quia
588 1224 748 1284 aliquo
777 1224 914 1272 modo
948 1228 1025 1272 est
1056 1225 1296 1273 affectus«.
1364 1226 1503 1283 Quod
1530 1226 1591 1273 ad
1617 1232 1898 1286 argumenta

136 1306 324 1366 attinet,
356 1305 406 1354 in
439 1305 611 1366 quibus
644 1318 824 1353 summa
857 1305 926 1352 vis
960 1305 1076 1365 31118,
1110 1303 1251 1365 qu'am
1280 1320 1404 1355 nunc
1436 1310 1711 1368 tractamuS,
1744 1308 1898 1367 partis

136 1390 223 1448 est,
258 1386 515 1435 Aeschines
549 1383 713 1434 creber
745 1385 978 1446 3811111118,
1012 1398 1132 1446 quae
1153 1385 1369 1434 rhetores
1393 1386 1899 1447 ,,α’τεχ1ὀυςπίστεις“

135 1471 322 1515 vocant.
387 1466 509 1515 Sunt
542 1471 723 1526 autem,
758 1470 814 1514 ut
844 1466 1079 1514 Ciceronis
1113 1467 1269 1514 verbis
1289 1469 1332 1527 ³)
1365 1471 1502 1527 utar,
1538 1481 1615 1528 ea,
1648 1482 1770 1528 quae
1801 1481 1899 1516 non

137 1547 470 1607 excogitantur
503 1547 563 1595 ab
597 1550 813 1605 oratore,
857 1547 939 1594 sed
982 1547 1031 1594 in
1075 1560 1128 1594 re
1172 1547 1327 1607 posita
1362 1551 1495 1607 sunt,
1542 1561 1664 1607 quae
1704 1562 1796 1596 non
1837 1548 1899 1596 ab

136 1631 324 1675 oratore
356 1628 632 1688 pariuntur,
678 1627 761 1676 sed
808 1627 867 1676 ad
907 1631 1145 1675 oratorem
1189 1641 1217 1674 a
1263 1641 1405 1675 causa
1450 1631 1595 1688 atque
1638 1641 1667 1676 a
1698 1629 1792 1676 reis
1821 1628 1901 1677 de·

134 1708 368 1775 feruntur,
399 1713 453 1756 ut
476 1708 683 1770 tabulae,
715 1708 1001 1769 testimonia,
1037 1713 1191 1769 pacta,
1225 1714 1478 1769 conventa,
1512 1709 1662 1769 legeS,
1698 1708 1902 1770 decreta,

135 1789 328 1850 reliqua.
409 1789 564 1837 Affert
599 1790 720 1837 enim
755 1789 833 1837 ille
863 1790 1010 1837 multa
1054 1797 1103 1837 et
1146 1790 1280 1836 varia
1322 1789 1535 1848 decreta,
1580 1790 1900 1849 iuraiuranda,

138 1870 357 1929 oracula,
401 1869 613 1929 publicas
667 1869 1025 1917 exsecrationes.
1107 1869 1211 1917 Hoc
1257 1870 1470 1929 inprimis
1511 1874 1900 1930 argumentorum

137 1964 287 2010 genus
321 1949 558 2011 adhiberi,
612 1952 668 1997 ut
717 1949 764 1996 in
816 1949 1091 1997 narratione
1135 1963 1296 1996 rerum
1340 1953 1603 2010 gestarum,
1646 1964 1732 2011 par
1782 1954 1899 1998 erat.

145 2032 238 2079 Sed
253 2070 264 2091 ,
294 2045 437 2091 quum
465 2029 723 2077 multarum
750 2043 908 2077 rerum
929 2030 1068 2076 aliam
1092 2035 1326 2087 naturam,
1360 2034 1503 2090 atque
1522 2030 1595 2078 hic
1618 2030 1904 2091 descriptam

138 2112 361 2172 legimus,
416 2110 565 2158 fuisse
605 2110 681 2159 vel
724 2110 1027 2158 manifestum
1069 2110 1145 2158 vel
1187 2110 1439 2158 verisimile
1480 2111 1569 2170 sit,
1627 2111 1904 2159 Aeschinem

138 2191 232 2241 alia
266 2191 479 2252 siluisse,
510 2191 602 2238 alia
637 2190 908 2251 detorsisse,
943 2190 1036 2237 alia
1061 2204 1260 2251 prorsus
1288 2189 1493 2249 finxisse,
1524 2190 1726 2239 fortasse
1757 2192 1903 2239 etiam

139 2273 199 2321 ad
234 2273 487 2320 nonnullas
520 2271 735 2331 tabulaS,
762 2286 884 2332 quas
907 2271 1060 2331 affert,
1094 2276 1331 2332 tamquam
1358 2271 1601 2319 machinas
1624 2273 1904 2332 admovisse,

140 2366 329 2401 censere
362 2352 535 2400 licebit.
600 2352 730 2408 Quae
764 2351 957 2399 fraudes
999 2354 1051 2399 ut
1082 2351 1311 2411 laterent,
1360 2351 1578 2400 futurum
1617 2365 1746 2412 esse,
1792 2352 1905 2400 solis

141 2433 198 2481 de
226 2433 288 2481 ’118
312 2432 548 2481 iudicibus
584 2432 659 2479 hic
692 2445 885 2492 sperare
908 2431 1083 2492 debuit,
1116 2432 1193 2492 qui
1220 2445 1295 2479 res
1330 2432 1458 2492 ipsas
1490 2446 1586 2479 non
1613 2432 1830 2479 viderant
1846 2434 1905 2492 ⁴).

122 2502 315 2561 'Verum
347 2516 544 2574 propter
577 2512 779 2560 alterum
823 2526 971 2572 genus
1010 2526 1199 2571 eorum,
1241 2526 1442 2572 quorum
1486 2517 1620 2560 aetas
1659 2513 1707 2560 in
1751 2505 1907 2560 media

143 2607 302 2641 rerum
334 2593 539 2641 omnium
575 2583 789 2652 tempora
819 2592 1080 2650 inciderat,
1114 2606 1208 2639 non
1239 2593 1358 2640 satis
1389 2596 1507 2653 erat,
1541 2594 1590 2640 in
1618 2593 1704 2639 hac
1724 2593 1907 2640 ratione

142 2675 464 2733 acquiescere,
499 2674 584 2721 sed
616 2671 710 2720 alia
746 2659 952 2720 subsidia
981 2671 1346 2733 adiumentaque
1380 2686 1607 2733 quaerere
1637 2686 1755 2733 opus
1786 2676 1907 2720 erat.

245 2866 287 2915 1)
316 2865 383 2916 lll,
413 2865 501 2904 230.

243 2937 289 2986 2)
318 2936 420 2977 Pars
448 2935 512 2987 ΙΙ,
540 2939 637 2975 sect.
671 2935 747 2977 lV:
776 2935 827 2976 de
857 2936 1119 2986 argumentis.

246 3009 287 3056 3)
315 3007 379 3047 De
409 3010 509 3047 orat.
539 3007 586 3053 ΙΙ,
615 3008 676 3059 27,
706 3005 790 3045 116.
849 3006 908 3046 Cf.
938 3007 1101 3047 Volkm.
1130 3019 1170 3056 p.
1198 3006 1367 3046 67—69.

243 3079 282 3129 4)
310 3080 347 3116 οἶ
375 3078 549 3131 νεώτεροι
576 3076 652 3115 τιῗὶν
684 3082 976 3131 πεπραγμένων.
1037 3077 1093 3119 Cf.
1123 3077 1239 3117 Dem.
1268 3075 1318 3116 de
1348 3087 1429 3116 cor.
1458 3076 1481 3126 S
1514 3077 1575 3116 50.

0 3420 945 3494 Q—ffffl—
1242 3481 1278 3484 r„
1449 3479 1474 3482 1
