2063 3494
958 166 1027 217 4ss

107 328 170 379 ad
199 326 573 379 misericordiam
609 340 689 375 eos
723 326 946 376 inducere
978 327 1161 388 studet,
1193 341 1337 388 quum
1373 326 1527 377 verbis
1559 327 1797 389 expingit,
1830 325 1878 374 in

107 415 290 471 quanta
335 422 493 456 rerum
536 406 726 454 miseria
768 407 1033 456 Phocenses
1080 407 1261 455 versari
1308 407 1433 469 ipse,
1484 393 1879 469 (11111111Βθίρ1105

111 491 205 538 iter
228 490 430 548 faceret,
461 488 638 535 viderit
662 489 716 547 ¹).
752 512 812 520 -—-
853 488 922 536 Ut
953 491 1110 536 autem
1147 488 1349 535 timeant
1383 501 1439 535 ac
1471 488 1780 535 reformident
1814 487 1883 534 illi

110 569 503 628 Demosthenem,
549 567 689 627 fingit
728 568 1006 629 AeschineS,
1055 582 1161 617 eum
1203 567 1377 615 malum
1422 568 1660 627 quendam
1693 568 1882 627 genium

111 649 288 697 habere
320 647 541 708 malaque
572 647 766 695 fortuna
804 649 900 708 uti,
941 649 988 696 in
1029 662 1171 709 quam
1206 660 1393 707 omneS,
1436 647 1514 707 qui
1555 647 1882 695 commercium

112 743 222 778 cum
256 742 313 778 eo
345 727 583 787 habeant,
619 727 920 794 deducantur·
946 728 1022 786 (cf.
1059 728 1085 791 ξ
1121 728 1243 790 157)
1283 728 1391 776 inde
1426 741 1530 776 eum
1563 740 1668 775 esse
1701 730 1884 787 pestem

113 824 171 857 ac
201 809 454 870 perniciem
489 808 696 856 civitatis
727 812 776 856 et
808 809 1056 857 universae
1091 809 1321 858 Graeciae
1353 808 1467 869 (vid.
1501 808 1527 870 ἓ
1567 807 1680 867 131,
1716 807 1742 868 ἓ
1780 810 1885 866 134,

116 890 142 951 ξ
181 889 305 946 136).
342 916 387 922 -
444 888 514 937 Ac
556 902 616 936 ne
660 887 903 937 fastidium
947 888 1148 946 hominis
1193 890 1340 949 desit,
1393 888 1621 949 quaedam
1683 886 1743 935 ab
1797 885 1887 935 hoc

116 969 356 1030 quondam
409 968 532 1016 dicta
586 967 791 1028 profert,
855 968 1025 1029 quibus
1083 968 1261 1018 iudices
1308 969 1600 1029 intelligant,
1660 967 1887 1028 ineptum,

116 1049 371 1109 rusticum,
416 1052 762 1106 monstrosum,
816 1047 1016 1108 denique
1071 1048 1258 1096 Atticae
1306 1048 1593 1097 urbanitatis
1647 1051 1887 1108 expertem

118 1134 359 1177 oratorem
390 1142 495 1175 eum
529 1141 633 1175 esse
663 1127 776 1187 (vid.
812 1128 837 1188 ξ
873 1130 965 1187 72).
1048 1129 1183 1186 Quod
1221 1130 1448 1189 probrum
1489 1129 1626 1176 nobis
1657 1142 1753 1175 non
1785 1128 1889 1175 leve

119 1222 226 1256 esse
257 1208 465 1255 videtur.
531 1207 645 1265 Quis
690 1208 813 1255 enim
857 1208 1034 1267 nescit,
1085 1207 1456 1256 Atheniensibus
1499 1208 1638 1255 valde
1676 1208 1888 1255 eruditas

119 1301 176 1334 ac
211 1291 389 1333 teretes
423 1300 564 1333 aures
598 1286 779 1334 fuisse?
811 1286 938 1333 Nihil
968 1287 1120 1347 magis
1143 1292 1247 1334 erat
1270 1288 1332 1334 ad
1364 1287 1698 1334 abalienandos
1729 1300 1888 1334 eorum

120 1369 329 1426 animOS,
370 1381 511 1427 quam
549 1381 719 1427 parum
750 1367 907 1415 Attice
937 1366 1069 1427 loqui
1091 1371 1150 1428 ²).
1218 1367 1512 1428 Quamquam
1557 1367 1679 1415 infra
1723 1382 1748 1415 e
1783 1382 1891 1415 con·

121 1448 271 1495 trario
319 1433 575 1495 Aeschines
621 1447 761 1508 dicit,
808 1447 981 1495 bonum
1025 1451 1261 1495 oratorem
1307 1448 1668 1496 Demosthenem
1712 1448 1890 1508 esse3).

122 1528 214 1576 Sed
256 1528 485 1575 eiusmodi
531 1529 657 1575 inter
697 1542 748 1575 se
792 1529 1109 1587 repugnantia
1151 1529 1280 1588 apud
1327 1542 1491 1576 omnes
1533 1529 1630 1577 fere
1676 1533 1891 1576 orat-ores

122 1608 428 1655 inveniuntur
456 1611 505 1655 et
534 1607 815 1655 documento
842 1611 967 1667 sunt,
1004 1611 1182 1667 quanta
1212 1608 1395 1656 malitia
1416 1608 1463 1655 id
1480 1622 1629 1668 genus
1653 1608 1892 1656 hominum

123 1688 194 1735 uti
217 1687 408 1734 solitum
433 1688 511 1747 sit,
547 1701 782 1747 quamque
813 1688 962 1735 multa
987 1689 1184 1735 crimina
1206 1702 1261 1736 ac
1294 1690 1473 1749 probra
1505 1690 1566 1736 ad
1598 1695 1894 1749 praesentem

123 1775 312 1819 tantum
344 1770 437 1817 vim
473 1770 544 1817 ita
577 1769 835 1829 composita
868 1769 1062 1830 fuerint,
1110 1774 1167 1818 ut
1201 1784 1362 1818 eorum
1392 1769 1745 1818 coacervatione
1779 1781 1897 1828 pau-

124 1851 259 1898 latim
291 1850 446 1897 firma*
462 1850 691 1910 quaedam
723 1863 778 1897 ac
808 1857 1034 1897 constans
1066 1849 1253 1897 affectio
1286 1851 1546 1898 animorum
1583 1848 1863 1896 efficeretur.

252 1932 405 1989 Quum
452 1934 614 1979 autem
657 1934 867 1990 constet,
916 1944 1052 1978 omne
1094 1944 1243 1990 genus
1286 1931 1398 1979 salis
1442 1944 1498 1979 ac
1534 1929 1815 1979 facetiarum
1847 1930 1896 1977 in

126 2012 343 2060 oratione
385 2011 576 2059 nimium
632 2014 863 2071 quantum
922 2011 1098 2071 valere,
1149 2010 1375 2059 nonnulla
1431 2010 1627 2059 ridicula
1680 2014 1730 2058 et
1772 2011 1899 2058 salsa

126 2091 387 2140 Aeschines
419 2091 737 2138 vehementiae
765 2095 815 2137 et
837 2092 1064 2150 gravitati
1091 2092 1343 2151 adspersit.
1389 2091 1510 2138 Nam
1538 2093 1643 2151 ipsa
1670 2092 1898 2151 hilaritaS,

128 2172 240 2232 quia
281 2175 455 2219 natura
497 2183 645 2218 suave
689 2170 912 2230 quiddam
961 2170 1128 2231 habet,
1183 2185 1275 2218 nen
1331 2172 1468 2220 modo
1521 2171 1899 2220 benevolentiam

128 2251 351 2300 conciliat
383 2251 449 2310 ei,
481 2264 567 2311 per
600 2263 740 2310 quem
772 2250 980 2298 excitata
1012 2255 1109 2312 est,
1155 2264 1351 2312 eumque
1385 2252 1612 2313 politum,
1649 2253 1899 2313 eruditum,

127 2332 361 2379 urbanum
392 2330 623 2378 hominem
659 2344 763 2379 esse
796 2330 1046 2391 significat,
1079 2331 1165 2378 sed
1200 2332 1345 2380 etiam
1380 2333 1441 2381 ad
1476 2333 1681 2381 alterum
1714 2334 1762 2380 in
1793 2347 1902 2381 con-

129 2412 404 2461 temtionem
441 2416 489 2459 et
522 2411 680 2459 odium
714 2411 1005 2459 audientium
1036 2411 1367 2467 adducendum
1400 2427 1539 2474 saepe
1570 2414 1723 2474 magis
1758 2413 1901 2473 valet,

131 2507 272 2553 quam
322 2506 502 2540 summa
541 2492 769 2540 severitas
813 2506 869 2540 ac
916 2493 1127 2540 tristitia.
1202 2493 1300 2542 Nec
1347 2499 1506 2541 tamen
1549 2494 1789 2541 crebriora
1821 2494 1901 2542 ille

130 2573 330 2622 ridicula
362 2573 516 2632 misit,
571 2572 620 2619 id
664 2572 788 2632 quod
826 2572 952 2620 haud
996 2573 1324 2633 imprudenter
1367 2572 1492 2622 fecit.
1580 2574 1732 2632 Quum
1765 2575 1901 2635 enim,

130 2654 501 2703 Demosthenem
548 2653 777 2711 singulari
825 2653 1028 2712 quadam
1080 2654 1386 2713 improbitate
1441 2668 1495 2701 ac
1538 2656 1745 2715 nequitia
1785 2670 1903 2716 esse,

133 2737 468 2785 demonstrare
504 2734 670 2793 vellet,
703 2733 852 2781 multo
886 2735 1036 2794 magis
1070 2734 1238 2794 decuit,
1273 2734 1401 2783 tristi
1433 2748 1489 2783 ac
1521 2749 1684 2785 severo
1717 2736 1904 2785 dicendi

131 2830 306 2877 genere
341 2817 435 2875 uti,
480 2829 624 2875 quam
655 2814 804 2861 risum
836 2827 1036 2861 movere.
1099 2814 1164 2861 Et
1195 2818 1326 2862 recte
1361 2814 1560 2877 Caesar,
1611 2817 1739 2877 apud
1776 2817 1905 2864 Cice-

133 2897 350 2957 ronem⁴)
384 2896 441 2944 de
475 2897 575 2944 risu
609 2899 657 2943 et
684 2895 745 2942 de
766 2894 963 2943 ridiculo
991 2894 1132 2942 verba
1154 2893 1344 2955 facienS,
1376 2895 1492 2950 haec
1515 2897 1718 2945 iudicat:
1754 2896 1905 2944 »Nam

244 3072 286 3116 1)
318 3070 341 3118 S
370 3069 431 3107 65.
490 3089 535 3095 -
589 3069 633 3110 2>
664 3067 721 3105 Cf.
754 3067 835 3106 Cic.
868 3074 966 3107 orat.
1000 3082 1033 3109 e.
1065 3071 1101 3107 8.
1163 3091 1203 3097 -
1263 3071 1306 3117 3)
1337 3070 1361 3116 S
1391 3069 1608 3108 173—174.

238 3137 283 3188 4)
313 3138 376 3178 De
407 3141 510 3178 orat.
539 3138 587 3189 11,
618 3137 680 3188 58,
709 3139 798 3178 237.
