2063 3494
1004 88 1070 140 51

158 258 366 310 habeant
383 251 596 301 exitum?
658 248 858 309 Deinde,
890 252 945 296 ut
968 248 1018 296 in
1040 260 1183 296 cursu
1204 246 1304 307 ipso
1329 247 1558 294 orationis
1583 245 1918 294 declinationes

156 341 218 387 ad
250 331 548 384 concitandos
578 343 754 387 eorum,
788 328 870 388 qui
898 328 1112 386 audiunt,
1144 327 1325 374 animos
1356 326 1546 386 dantur,
1579 327 1649 374 ita
1682 332 1778 373 tam
1812 340 1918 385 pro-

157 417 291 478 prius
322 408 590 460 concitandi
619 408 750 456 locus
781 407 829 455 in
858 406 1158 467 peroratione
1182 410 1269 465 est,
1302 412 1370 465 ut,
1402 407 1450 454 in
1472 419 1752 466 quacunque
1775 405 1919 452 animi

156 494 358 549 nonant
378 488 687 549 impellantur
708 493 794 534 aut
820 486 1155 546 reprimantur,
1186 498 1381 545 prorsus
1405 485 1468 532 sit
1490 486 1632 533 nulla.
1678 485 1916 543 Quantam

154 575 314 620 autem
347 569 442 616 vim
473 566 599 627 apud
631 566 933 627 antiquitatis
967 565 1176 613 homines
1210 569 1369 613 motus
1398 566 1660 613 animorum
1682 565 1918 623 habuerit,

152 654 203 699 et
231 647 410 708 scripta
442 645 686 694 rhetorum
725 649 775 694 et
808 646 940 706 ipsae
971 645 1213 693 orationes
1249 644 1513 692 declarant.
1584 645 1640 693 In
1673 644 1762 693 hoc
1793 645 1916 692 enim

149 728 401 792 pluiimum
431 726 578 793 pollet
611 730 662 774 et
696 726 829 787 quasi
863 729 1037 787 regnat
1070 724 1237 773 oratio.
1302 725 1610 786 Argumentis
1639 739 1696 773 ac
1717 723 1917 774 rationi·

151 811 238 859 bus
273 807 597 867 assequimur,
636 810 695 854 ut
726 806 905 855 iudices
943 810 1156 854 nostram
1188 818 1379 854 causam
1413 805 1655 853 meliorem
1683 820 1789 854 esse
1820 808 1919 856 exi-

153 889 368 947 stiment,
401 886 752 935 commovendis
781 890 940 935 autem
968 886 1153 947 animiS,
1189 889 1244 933 ut
1276 885 1420 933 etiam
1453 885 1601 934 velint
1631 887 1918 936 existimare·

153 981 213 1016 ex
245 979 338 1026 quo
370 956 583 1034 gignitur
613 967 718 1027 ipsa
748 965 867 1014 fides
889 968 943 1027 ¹).
1011 966 1114 1024 Quo
1147 966 1195 1013 in
1222 979 1395 1025 genere
1428 978 1720 1026 quamquam
1746 967 1917 1015 Demo-

151 1046 339 1095 sthenes
358 1050 551 1106 praeter
569 1060 730 1095 omnes
756 1046 960 1107 excellit,
995 1046 1102 1107 quis
1128 1049 1283 1105 neget,
1318 1045 1427 1094 huic
1460 1045 1577 1093 nihil
1609 1046 1700 1094 nisi
1723 1048 1913 1107 paulum

151 1126 316 1174 cedere
344 1125 662 1187 Aeschinem?
726 1126 854 1173 Talis
896 1130 971 1174 est
1012 1127 1110 1174 eius
1153 1126 1329 1185 orati0‚
1378 1129 1434 1173 ut
1477 1125 1644 1173 iisdem
1685 1127 1917 1188 sensibuS,

147 1205 209 1253 ad
242 1195 357 1265 quos
392 1205 628 1254 adducere
663 1205 775 1254 velit
808 1205 999 1267 iudiceS‚
1033 1206 1136 1267 ipse
1157 1205 1418 1266 permoveri
1442 1205 1675 1266 videatur,
1710 1206 1757 1254 id
1788 1207 1913 1267 quod

148 1288 291 1346 caput
320 1286 524 1333 oratoris
558 1290 632 1334 est
649 1285 714 1347 ²).
777 1286 947 1347 Itaque
992 1299 1077 1334 nos
1110 1286 1253 1334 etiam
1286 1286 1386 1333 eius
1429 1285 1670 1334 orationes
1702 1285 1912 1346 legentes

146 1364 387 1414 interdum
418 1365 486 1414 sic
517 1365 773 1427 afficimur,
815 1371 869 1414 ut
899 1366 1015 1414 nihil
1049 1365 1181 1427 ficte,
1222 1366 1338 1413 nihil
1372 1365 1614 1426 simulate,
1661 1367 1820 1414 omnia
1851 1367 1913 1415 ad

148 1447 411 1507 veritatem,
447 1446 574 1494 (licta
605 1458 710 1494 esse
744 1452 1057 1507 putemus.—
1078 1447 1179 1494 Iam
1214 1446 1574 1507 anquirentibus
1606 1447 1757 1508 nobiS,
1791 1462 1913 1508 quae

145 1527 241 1574 alia
280 1526 499 1574 rhetores
543 1527 729 1586 antiqui
771 1527 828 1575 de
872 1527 1176 1587 peroratione
1219 1527 1437 1587 tradant,
1481 1527 1562 1574 alii
1604 1541 1661 1575 ex
1694 1531 1913 1587 quatuor,

146 1606 226 1654 alii
256 1620 314 1654 ex
353 1606 532 1668 tribus,
577 1607 659 1655 alii
703 1607 905 1668 denique
950 1622 1006 1655 ex
1052 1607 1236 1655 duabus
1282 1608 1498 1668 partibus
1545 1621 1649 1655 eam
1692 1613 1912 1656 constare

145 1691 365 1733 statuunt
379 1688 437 1746 ³).
502 1686 635 1745 Quae
657 1687 827 1751 harum
843 1688 1037 1747 partitio
1057 1688 1320 1735 rectissime
1341 1701 1392 1734 se
1412 1687 1603 1746 habeat,
1635 1689 1912 1747 quaestione

147 1766 334 1826 omissa,
369 1766 490 1814 hanc
523 1766 801 1826 bipartitam
833 1767 1185 1827 amplectamur.
1251 1768 1373 1816 Sunt
1404 1772 1563 1815 autem
1593 1767 1715 1815 duae
1746 1774 1911 1828 partes

144 1844 447 1906 amplificatio
481 1850 531 1894 et
563 1847 864 1912 enumeratio.
940 1847 1032 1907 Ac,
1077 1847 1190 1908 quid
1232 1847 1315 1894 illa
1353 1847 1437 1907 sit,
1481 1861 1622 1908 quum
1660 1848 1773 1896 item
1815 1862 1911 1897 non

142 1926 283 1986 plane
315 1940 478 1975 omnes
511 1927 637 1975 inter
668 1941 720 1975 se
753 1929 1075 1988 consentiant,
1121 1942 1209 1975 nos
1257 1928 1315 1975 de
1359 1928 1447 1976 hac
1492 1942 1682 1989 quoque
1724 1943 1776 1977 re
1817 1943 1909 1978 non

144 2005 459 2066 disputemuS,
490 2007 576 2054 sed
610 2021 691 2068 ea,
732 2021 856 2068 quae
889 2007 986 2055 fere
1020 2021 1049 2055 a
1080 2007 1316 2068 plerisque
1352 2008 1411 2056 de
1443 2008 1575 2056 verbi
1610 2009 1802 2057 notione
1832 2010 1912 2058 de-

142 2084 386 2146 finiuntur,
421 2086 685 2146 probemus.
750 2088 839 2136 Est
865 2088 1011 2148 igitur
1029 2088 1334 2149 amplificatio
1357 2102 1456 2136 rem
1480 2103 1658 2149 augere
1687 2094 1735 2137 et
1768 2091 1910 2138 altius

142 2165 311 2216 tollere
360 2166 556 2216 dicendo
613 2181 716 2217 cum
772 2173 909 2218 motu
963 2169 1228 2218 animorum
1245 2170 1303 2230 4).
1381 2170 1548 2218 Altera
1596 2171 1910 2232 perorationis

143 2260 256 2306 pars
292 2252 380 2307 est,
416 2262 557 2308 quam
576 2250 774 2297 Romani
807 2250 1219 2308 enumerationem,
1254 2250 1425 2298 Graeci
1460 2251 1802 2313 »dvoe'mrvyow«
1839 2253 1912 2300 vel

145 2325 637 2388 »a’vaxsqoestoet'th-v«
690 2334 874 2378 vocant.
964 2330 1097 2378 Haec
1162 2335 1235 2378 est
1301 2344 1465 2391 pressa
1517 2344 1682 2379 earum
1736 2346 1910 2394 rerum,

142 2420 266 2467 quae
298 2408 347 2456 in
380 2410 793 2469 argumentatione
829 2414 1068 2460 tractatae
1092 2415 1217 2472 sunt,
1250 2411 1486 2473 repetitio·
1518 2425 1641 2473 quae
1674 2426 1767 2461 non
1800 2413 1910 2462 talis

145 2501 262 2537 esse·
280 2488 435 2549 debet,
468 2496 521 2538 ut
545 2492 701 2539 omnia
724 2492 798 2539 vel
822 2493 1017 2541 minima
1045 2497 1341 2554 repetantur,
1378 2493 1460 2541 sed
1479 2497 1663 2541 tantum
1687 2494 1911 2554 graviora

140 2572 190 2616 et
221 2569 425 2631 maiora,
469 2570 636 2619 deinde
668 2585 764 2620 non
797 2572 965 2621 iisdem
1004 2572 1105 2621 fere
1138 2573 1321 2634 verbiS,
1365 2573 1451 2621 sed
1481 2578 1670 2622 mutata
1711 2587 1767 2622 ac
1799 2588 1909 2622 con-

140 2652 308 2699 tracta.

262 2730 362 2778 Iam
414 2745 526 2780 vero
577 2734 875 2783 tentantibus
931 2734 1065 2782 nobis
1122 2734 1244 2782 hanc
1302 2733 1652 2794 peroratione-m
1699 2733 1749 2781 in
1798 2734 1905 2784 illas

136 2813 298 2868 partes
334 2811 570 2873 dividere,
615 2815 840 2863 nonnulla
875 2818 1153 2873 occurrunt,
1197 2828 1316 2875 quae
1353 2815 1511 2861 neutri
1544 2826 1707 2862 earum
1740 2815 1906 2864 subiici

244 3003 285 3053 1)
315 3002 364 3044 cf.
394 3002 552 3053 Quinct.
583 3004 652 3059 VI,
681 3007 718 3056 2,
757 3008 803 3058 53
843 3005 1006 3047 Volkm.
1044 3018 1084 3058 p.
1119 3006 1204 3048 134.
1271 3008 1312 3057 2)
1344 3005 1394 3048 cl.
1425 3005 1508 3048 Cic.
1550 3004 1601 3046 de
1630 3011 1731 3047 orat.
1759 3005 1812 3054 ΙΙ,
1842 3006 1904 3059 45,

139 3065 355 3108 189—190.
410 3070 454 3120 3)
485 3071 534 3111 cf.
561 3072 723 3112 Volkm.
748 3085 789 3123 p.
810 3072 1033 3112 127—128.
1088 3072 1133 3122 4)
1160 3072 1210 3112 es.
1230 3072 1312 3111 Cic.
1340 3076 1446 3123 part.
1478 3076 1579 3112 orat.
1604 3074 1641 3123 8,
1658 3071 1726 3122 273
1759 3075 1817 3122 15,
1841 3074 1902 3111 53.

1619 3145 1643 3181 4
1661 3144 1684 3169 δὲ
