2063 3494
988 77 1051 125 41

146 238 331 295 iniisse,
375 240 429 284 ut
458 235 561 295 ipse
594 235 928 284 conscientiam
960 236 1116 284 iustae
1149 248 1320 283 causae
1353 237 1401 282 et
1432 233 1675 296 fiduciam,
1717 237 1903 285 etiamsi

145 316 320 377 aliquid
343 315 617 364 adversario
642 316 844 376 cederet,
876 321 1037 364 tamen
1073 329 1125 363 se
1159 316 1389 363 victurum
1420 328 1537 376 esse,
1570 314 1745 364 habere
1779 317 1904 364 vide-

141 401 287 446 retur⁵
361 394 489 456 Ergo
532 395 580 443 id
623 395 848 456 consequi
893 395 1068 453 voluit,
1125 399 1181 442 ut
1222 394 1395 442 bonam
1441 395 1710 455 opinionem
1753 396 1811 443 de
1856 409 1907 444 se

140 474 372 530 iudicibus
402 475 651 537 insereret.
731 475 835 523 Hoc
880 475 1108 535 fortasse,
1157 480 1211 523 ut
1257 475 1422 522 melius
1470 475 1793 535 intelligatur,
1845 475 1906 522 ad

143 555 280 617 quid,
328 569 452 616 quae
485 558 769 616 sequuntur,
815 559 1049 616 spectent,
1092 555 1285 604 concedi
1320 558 1498 616 potest,
1533 554 1902 604 Demosthenem

142 639 227 685 aut
268 635 315 682 in
358 635 545 694 publico
587 639 673 682 aut
713 635 763 683 in
804 635 958 697 aliquo
999 635 1197 696 circul0,
1248 635 1423 696 opt-ime
1467 622 1519 683 se
1566 635 1624 684 de
1664 636 1904 696 republica

141 714 390 774 meruisse,
422 714 675 774 gloriatum
707 716 1021 776 miratumque
1056 729 1184 774 esse,
1223 729 1339 775 quas
1378 729 1454 763 res
1488 728 1517 763 a
1550 729 1601 763 se
1628 720 1788 775 gestas
1822 716 1904 763 ad-

141 794 381 843 versarius
412 798 721 842 accusaturus
749 799 890 855 esset,
923 809 1122 856 eamque
1154 795 1514 843 admirationem
1537 795 1600 843 ad
1621 795 1901 843 Aeschinem

140 875 346 923 delatam
381 888 487 922 esse
518 901 581 909 -
615 875 708 923 nisi
752 875 894 936 plane
936 875 1052 923 haec
1095 876 1252 923 omnia
1285 889 1341 924 ac
1379 875 1547 923 callide
1586 875 1743 924 efficta
1774 881 1899 925 sunt.

139 955 254 1013 Quis
287 959 363 1003 est
394 959 579 1015 autem,
622 955 724 1016 qui,
767 955 994 1015 singulari
1042 959 1148 1003 arte
1192 969 1248 1003 ac
1292 955 1548 1016 prudentia
1594 955 1717 1005 hunc
1749 956 1902 1005 locum

137 1029 445 1096 compositum
478 1049 596 1096 esso,
625 1049 719 1084 non
751 1036 1025 1096 intelligat?
1083 1036 1220 1097 Nam,
1256 1049 1398 1097 quum
1427 1035 1502 1084 hic
1534 1035 1898 1085 Demosthenem

137 1115 416 1164 insolentius
458 1115 757 1177 ferociusque
802 1117 1062 1164 minantem
1107 1120 1156 1165 et
1194 1116 1241 1164 in
1275 1116 1487 1165 vanitate
1530 1117 1762 1178 opinionis
1796 1132 1900 1166 ver-

138 1201 342 1256 santem,
375 1196 723 1255 adversarium,
758 1196 869 1257 quid
903 1196 1210 1258 respondeat,
1244 1197 1572 1245 laboraturum
1603 1211 1728 1258 esse,
1771 1198 1898 1260 facit,

136 1269 238 1324 tum
272 1280 434 1324 autem
465 1277 566 1338 ipse
598 1277 802 1325 maxima
823 1291 924 1325 cum
949 1277 1190 1338 gravitate
1217 1277 1588 1338 inexspectatum
1618 1292 1900 1339 responsum

137 1357 248 1418 dat,
294 1371 448 1404 nonne
487 1357 603 1405 haec
642 1357 704 1405 ad
745 1358 967 1416 iudicum,
992 1357 1171 1405 animos
1211 1357 1518 1405 vehementer
1557 1358 1900 1419 permovendos

135 1436 440 1486 accomodata-
473 1438 616 1486 sunt?
681 1437 794 1495 Quis
824 1442 1041 1485 nostrum
1073 1437 1233 1498 legens
1255 1451 1350 1485 non
1376 1451 1558 1485 summa
1585 1437 1900 1486 delectatione

136 1516 378 1565 afficitur?
441 1518 556 1576 Quis
589 1531 681 1565 non
711 1517 976 1565 admiratur
1004 1517 1324 1565 incredibilem
1353 1518 1591 1578 quandam
1621 1517 1898 1565 facultate-m

135 1598 354 1646 dicendi?
425 1598 607 1658 Aperta
651 1598 850 1661 denique
883 1597 1086 1646 breviter
1117 1602 1167 1646 et
1198 1597 1413 1646 modeste
1448 1611 1552 1659 spe,
1596 1612 1902 1659 quaecunque

135 1678 259 1727 mala
294 1678 477 1727 civitati
507 1678 781 1739 inciderint,
814 1683 1055 1727 auctorem
1088 1692 1251 1726 eorum
1291 1692 1396 1727 esse
1432 1678 1818 1739 Demosthenem,
1851 1693 1902 1728 se

135 1760 465 1820 probaturum,
496 1760 767 1820 partitionis
799 1773 1051 1816 summam,
1096 1763 1151 1807 ut
1182 1760 1493 1807 attentionem
1527 1761 1680 1820 magis
1714 1761 1902 1820 excitet,

133 1840 308 1900 repetit
352 1844 401 1887 et
444 1853 531 1899 per
570 1838 933 1900 propositionem
978 1839 1041 1887 ad
1079 1839 1279 1899 primam
1312 1844 1517 1888 aetatem
1550 1840 1839 1901 reipublicae
1870 1854 1921 1888 ar

132 1919 451 1968 Demosthene
483 1919 844 1968 administratae
878 1919 1065 1967 transit.

261 2000 412 2058 Quum
446 2004 605 2047 autem
640 1999 757 2047 haec
789 2012 977 2060 quoque
1009 1999 1221 2046 narratio
1255 2006 1437 2059 rerum,
1480 2014 1600 2061 quae
1632 2005 1715 2048 aut
1747 2015 1776 2048 a
1809 2001 1901 2049 De-

134 2081 379 2128 mosthene
412 2081 514 2141 ipso
543 2084 627 2128 aut
650 2082 749 2128 eius
772 2080 1059 2128 auctorit-ate
1087 2084 1250 2140 gestae
1273 2080 1382 2140 sint,
1415 2080 1473 2128 iis
1494 2080 1635 2140 plane
1656 2086 1901 2144 repugnet,

139 2174 259 2222 quae
292 2161 418 2223 apud
450 2159 576 2209 hunc
609 2161 667 2209 de
702 2160 868 2209 iisdem
908 2161 1050 2208 rebus
1094 2160 1309 2222 exposita
1356 2174 1410 2209 ac
1456 2160 1650 2209 defensa
1687 2162 1902 2225 legimuS,

136 2243 340 2289 maxime
386 2246 758 2290 consentaneum
803 2245 954 2300 esset,
1008 2246 1064 2288 ut
1108 2255 1255 2301 supra
1309 2242 1356 2288 in
1405 2243 1732 2289 controversia
1784 2244 1901 2291 iuris

134 2322 279 2371 verba
313 2322 557 2382 utriusque
599 2325 925 2382 comparantes
960 2322 1208 2369 veritatem
1252 2322 1442 2369 omnino
1478 2323 1785 2383 extorsimus,
1831 2324 1901 2371 ita

133 2401 232 2463 hic,
291 2402 518 2450 assumtis
573 2402 769 2462 insuper
835 2401 938 2448 aliis
999 2401 1207 2462 ipsorum
1264 2401 1556 2462 aliorumque
1608 2403 1902 2464 testimoniiS,

138 2483 338 2531 eandem
374 2483 421 2530 in
464 2496 651 2543 quaque
693 2497 746 2530 re
790 2482 1021 2529 rationem
1065 2483 1212 2542 sequi.
1293 2483 1457 2543 Neque
1496 2483 1619 2530 enim
1662 2485 1767 2531 iure
1811 2484 1901 2531 dici

134 2563 346 2624 videtur,
385 2562 528 2610 fidem
562 2562 751 2610 omnino
784 2561 1139 2622 DemostheniS,
1179 2562 1376 2611 alterius
1409 2576 1520 2610 vero
1554 2563 1811 2611 calumnias
1843 2577 1900 2611 ac

134 2644 381 2691 mendacia
412 2645 482 2690 ita
511 2642 714 2703 probat-a
737 2655 855 2702 esse,
889 2646 945 2690 ut
971 2646 1171 2702 aequum
1194 2656 1288 2690 non
1324 2643 1402 2703 sit,
1436 2643 1635 2704 amplius
1666 2643 1901 2704 dubitare,

132 2724 414 2783 praesertim
458 2737 600 2784 quum
641 2727 753 2771 ante
811 2723 897 2772 hos
945 2737 1122 2783 paucos
1175 2737 1327 2772 annos
1371 2724 1424 2772 L.
1470 2723 1743 2784 Spengelius
1793 2737 1899 2773 cum

133 2804 387 2853 multorum
420 2807 548 2852 certe
571 2804 886 2852 admiratione
915 2803 1166 2852 ostendere
1200 2808 1395 2852 conatus
1430 2803 1505 2863 sit,
1536 2804 1899 2853 Demosthenem

134 2884 361 2932 artificem
397 2884 584 2945 quidem
613 2884 792 2932 dicendi
824 2884 1061 2944 maiorem,
1092 2888 1145 2933 at
1175 2885 1351 2932 minore
1384 2883 1478 2931 fide
1512 2884 1707 2944 dignum
1740 2899 1900 2934 rerum

138 2968 434 3013 narratorem
457 2965 686 3013 Aeschine
708 2979 827 3013 esse.
893 2966 1023 3023 Quae
1046 2965 1281 3014 sententia
1308 2964 1565 3012 acutissimi
1598 2965 1702 3026 viri,
1736 2980 1901 3027 quam-

135 3056 275 3102 quam
307 3046 592 3105 permultum
626 3044 826 3107 profecit
869 3046 929 3093 ad
961 3061 1059 3094 rem
1095 3045 1446 3105 illustrandam,
1502 3045 1646 3094 nihilo
1680 3047 1835 3095 minus
1871 3061 1901 3095 a
