<?xml version="1.0" encoding="UTF-8"?>
<!DOCTYPE html PUBLIC "-//W3C//DTD XHTML 1.0 Transitional//EN"
    "http://www.w3.org/TR/xhtml1/DTD/xhtml1-transitional.dtd">
<html xmlns="http://www.w3.org/1999/xhtml" xml:lang="en" lang="en">
 <head>
  <title>
</title>
<meta http-equiv="Content-Type" content="text/html;charset=utf-8" />
  <meta name='ocr-system' content='tesseract 3.04.00' />
  <meta name='ocr-capabilities' content='ocr_page ocr_carea ocr_par ocr_line ocrx_word'/>
</head>
<body>
  <div class='ocr_page' id='page_1' title='image "4737164_0053.png"; bbox 0 0 2063 3494; ppageno 0'>
   <div class='ocr_carea' id='block_1_1' title="bbox 982 94 1051 145">
    <p class='ocr_par' dir='ltr' id='par_1_1' title="bbox 982 94 1051 145">
     <span class='ocr_line' id='line_1_1' title="bbox 982 94 1051 145; baseline 0 0"><span class='ocrx_word' id='word_1_1' title='bbox 982 94 1051 145; x_wconf 84' lang='lat'><strong>45</strong></span> 
     </span>
    </p>
   </div>
   <div class='ocr_carea' id='block_1_2' title="bbox 95 253 1896 3113">
    <p class='ocr_par' dir='ltr' id='par_1_2' title="bbox 95 253 1896 3113">
     <span class='ocr_line' id='line_1_2' title="bbox 132 253 1896 319; baseline -0.002 -11"><span class='ocrx_word' id='word_1_2' title='bbox 132 256 571 319; x_wconf 80' lang='lat' dir='ltr'><strong>arrogantissimum</strong></span> <span class='ocrx_word' id='word_1_3' title='bbox 629 258 678 302; x_wconf 88' lang='lat' dir='ltr'><strong>et</strong></span> <span class='ocrx_word' id='word_1_4' title='bbox 728 254 1144 304; x_wconf 85' lang='lat' dir='ltr'><strong>insolentissimum</strong></span> <span class='ocrx_word' id='word_1_5' title='bbox 1201 254 1279 315; x_wconf 83' lang='lat' dir='ltr'><strong>(cf.</strong></span> <span class='ocrx_word' id='word_1_6' title='bbox 1330 253 1357 315; x_wconf 64' lang='grc' dir='ltr'>ξ</span> <span class='ocrx_word' id='word_1_7' title='bbox 1414 257 1495 315; x_wconf 84' lang='grc'><strong>71,</strong></span> <span class='ocrx_word' id='word_1_8' title='bbox 1552 255 1578 315; x_wconf 60' lang='grc' dir='ltr'>ἕ</span> <span class='ocrx_word' id='word_1_9' title='bbox 1637 258 1896 319; x_wconf 71' lang='grc'><strong>145-146,</strong></span> 
     </span>
     <span class='ocr_line' id='line_1_3' title="bbox 130 334 1892 400; baseline -0.002 -14"><span class='ocrx_word' id='word_1_10' title='bbox 130 341 155 400; x_wconf 63' lang='grc' dir='ltr'><strong>ξ</strong></span> <span class='ocrx_word' id='word_1_11' title='bbox 190 335 483 394; x_wconf 85' lang='grc'><strong>149-151),</strong></span> <span class='ocrx_word' id='word_1_12' title='bbox 527 334 933 382; x_wconf 89' lang='lat' dir='ltr'><strong>mendacissimum</strong></span> <span class='ocrx_word' id='word_1_13' title='bbox 977 335 1053 394; x_wconf 90' lang='lat' dir='ltr'><strong>(cf.</strong></span> <span class='ocrx_word' id='word_1_14' title='bbox 1090 334 1116 395; x_wconf 61' lang='grc' dir='ltr'>ξ</span> <span class='ocrx_word' id='word_1_15' title='bbox 1149 335 1229 394; x_wconf 87' lang='grc'><strong>99)</strong></span> <span class='ocrx_word' id='word_1_16' title='bbox 1270 338 1319 380; x_wconf 89' lang='lat' dir='ltr'><strong>et</strong></span> <span class='ocrx_word' id='word_1_17' title='bbox 1361 334 1572 394; x_wconf 88' lang='lat' dir='ltr'><strong>aucipem</strong></span> <span class='ocrx_word' id='word_1_18' title='bbox 1603 334 1892 394; x_wconf 87' lang='lat' dir='ltr'><strong>syllabarum</strong></span> 
     </span>
     <span class='ocr_line' id='line_1_4' title="bbox 128 413 1896 478; baseline -0.002 -13"><span class='ocrx_word' id='word_1_19' title='bbox 128 418 206 478; x_wconf 90' lang='lat' dir='ltr'><strong>(cf.</strong></span> <span class='ocrx_word' id='word_1_20' title='bbox 233 416 373 476; x_wconf 75' lang='lat'><strong>§83),</strong></span> <span class='ocrx_word' id='word_1_21' title='bbox 406 427 525 474; x_wconf 89' lang='lat' dir='ltr'><strong>eum,</strong></span> <span class='ocrx_word' id='word_1_22' title='bbox 559 414 638 474; x_wconf 92' lang='lat' dir='ltr'><strong>qui</strong></span> <span class='ocrx_word' id='word_1_23' title='bbox 671 427 749 461; x_wconf 89' lang='lat' dir='ltr'><strong>res</strong></span> <span class='ocrx_word' id='word_1_24' title='bbox 785 417 948 474; x_wconf 82' lang='lat' dir='ltr'>turpes</span> <span class='ocrx_word' id='word_1_25' title='bbox 981 413 1201 474; x_wconf 80' lang='lat' dir='ltr'>speciosis</span> <span class='ocrx_word' id='word_1_26' title='bbox 1233 414 1390 462; x_wconf 88' lang='lat' dir='ltr'><strong>verbis</strong></span> <span class='ocrx_word' id='word_1_27' title='bbox 1423 418 1558 475; x_wconf 89' lang='lat' dir='ltr'><strong>tegat</strong></span> <span class='ocrx_word' id='word_1_28' title='bbox 1577 413 1656 475; x_wconf 91' lang='lat' dir='ltr'><strong>(cf.</strong></span> <span class='ocrx_word' id='word_1_29' title='bbox 1677 416 1896 475; x_wconf 84' lang='lat'><strong>92—93),</strong></span> 
     </span>
     <span class='ocr_line' id='line_1_5' title="bbox 95 486 1893 555; baseline -0.001 -11"><span class='ocrx_word' id='word_1_30' title='bbox 95 486 98 488; x_wconf 27' lang='lat'>³</span> <span class='ocrx_word' id='word_1_31' title='bbox 128 496 359 545; x_wconf 87' lang='lat' dir='ltr'><strong>abiectum</strong></span> <span class='ocrx_word' id='word_1_32' title='bbox 393 493 690 541; x_wconf 82' lang='lat' dir='ltr'><strong>adulatorem</strong></span> <span class='ocrx_word' id='word_1_33' title='bbox 722 493 799 549; x_wconf 85' lang='lat' dir='ltr'><strong>(cf.</strong></span> <span class='ocrx_word' id='word_1_34' title='bbox 827 496 1025 552; x_wconf 84' lang='lat'><strong>76-77,</strong></span> <span class='ocrx_word' id='word_1_35' title='bbox 1061 492 1086 555; x_wconf 61' lang='grc' dir='ltr'>ἐ</span> <span class='ocrx_word' id='word_1_36' title='bbox 1121 496 1203 539; x_wconf 85' lang='grc'><strong>162</strong></span> <span class='ocrx_word' id='word_1_37' title='bbox 1227 492 1349 554; x_wconf 71' lang='lat' dir='ltr'><strong>fin),</strong></span> <span class='ocrx_word' id='word_1_38' title='bbox 1383 507 1485 541; x_wconf 89' lang='lat' dir='ltr'><strong>eum</strong></span> <span class='ocrx_word' id='word_1_39' title='bbox 1510 494 1726 554; x_wconf 90' lang='lat' dir='ltr'><strong>denique,</strong></span> <span class='ocrx_word' id='word_1_40' title='bbox 1759 495 1893 542; x_wconf 87' lang='lat' dir='ltr'><strong>cuius</strong></span> 
     </span>
     <span class='ocr_line' id='line_1_6' title="bbox 128 572 1891 634; baseline -0.001 -12"><span class='ocrx_word' id='word_1_41' title='bbox 128 575 307 623; x_wconf 88' lang='lat' dir='ltr'><strong>scelera</strong></span> <span class='ocrx_word' id='word_1_42' title='bbox 339 587 395 621; x_wconf 89' lang='lat' dir='ltr'><strong>ac</strong></span> <span class='ocrx_word' id='word_1_43' title='bbox 422 572 605 633; x_wconf 86' lang='lat' dir='ltr'><strong>flagitia</strong></span> <span class='ocrx_word' id='word_1_44' title='bbox 637 572 837 632; x_wconf 90' lang='lat' dir='ltr'><strong>plurima</strong></span> <span class='ocrx_word' id='word_1_45' title='bbox 875 573 1175 633; x_wconf 84' lang='lat' dir='ltr'><strong>maximaque</strong></span> <span class='ocrx_word' id='word_1_46' title='bbox 1212 573 1308 620; x_wconf 91' lang='lat' dir='ltr'><strong>sint</strong></span> <span class='ocrx_word' id='word_1_47' title='bbox 1338 575 1598 634; x_wconf 89' lang='lat' dir='ltr'><strong>eademque</strong></span> <span class='ocrx_word' id='word_1_48' title='bbox 1630 579 1731 622; x_wconf 90' lang='lat' dir='ltr'><strong>tam</strong></span> <span class='ocrx_word' id='word_1_49' title='bbox 1763 579 1891 634; x_wconf 90' lang='lat' dir='ltr'><strong>nota,</strong></span> 
     </span>
     <span class='ocr_line' id='line_1_7' title="bbox 128 648 1892 714; baseline -0.001 -11"><span class='ocrx_word' id='word_1_50' title='bbox 128 658 183 703; x_wconf 92' lang='lat' dir='ltr'><strong>ut</strong></span> <span class='ocrx_word' id='word_1_51' title='bbox 215 667 352 701; x_wconf 89' lang='lat' dir='ltr'><strong>nemo</strong></span> <span class='ocrx_word' id='word_1_52' title='bbox 384 652 476 700; x_wconf 89' lang='lat' dir='ltr'><strong>iam</strong></span> <span class='ocrx_word' id='word_1_53' title='bbox 509 653 709 700; x_wconf 88' lang='lat' dir='ltr'><strong>miretur</strong></span> <span class='ocrx_word' id='word_1_54' title='bbox 740 652 816 713; x_wconf 92' lang='lat' dir='ltr'><strong>(cf.</strong></span> <span class='ocrx_word' id='word_1_55' title='bbox 851 651 878 714; x_wconf 65' lang='grc' dir='ltr'>ἓ</span> <span class='ocrx_word' id='word_1_56' title='bbox 913 653 1036 714; x_wconf 86' lang='lat'>144).</span> <span class='ocrx_word' id='word_1_57' title='bbox 1112 652 1243 701; x_wconf 85' lang='lat' dir='ltr'><strong>Haec</strong></span> <span class='ocrx_word' id='word_1_58' title='bbox 1276 657 1326 701; x_wconf 90' lang='lat' dir='ltr'><strong>et</strong></span> <span class='ocrx_word' id='word_1_59' title='bbox 1359 653 1452 701; x_wconf 91' lang='lat' dir='ltr'><strong>alia</strong></span> <span class='ocrx_word' id='word_1_60' title='bbox 1484 648 1659 714; x_wconf 88' lang='lat' dir='ltr'><strong>probra</strong></span> <span class='ocrx_word' id='word_1_61' title='bbox 1693 667 1749 702; x_wconf 84' lang='lat' dir='ltr'><strong>ac</strong></span> <span class='ocrx_word' id='word_1_62' title='bbox 1781 667 1892 702; x_wconf 92' lang='lat' dir='ltr'><strong>con-</strong></span> 
     </span>
     <span class='ocr_line' id='line_1_8' title="bbox 125 732 1890 793; baseline -0.001 -11"><span class='ocrx_word' id='word_1_63' title='bbox 125 734 244 784; x_wconf 89' lang='lat' dir='ltr'><strong>vicia</strong></span> <span class='ocrx_word' id='word_1_64' title='bbox 273 733 320 779; x_wconf 91' lang='lat' dir='ltr'><strong>in</strong></span> <span class='ocrx_word' id='word_1_65' title='bbox 343 732 667 780; x_wconf 87' lang='lat' dir='ltr'><strong>adversarium</strong></span> <span class='ocrx_word' id='word_1_66' title='bbox 691 732 917 792; x_wconf 82' lang='lat' dir='ltr'>congerit,</span> <span class='ocrx_word' id='word_1_67' title='bbox 948 733 1227 793; x_wconf 89' lang='lat' dir='ltr'><strong>plerumque</strong></span> <span class='ocrx_word' id='word_1_68' title='bbox 1251 733 1311 780; x_wconf 90' lang='lat' dir='ltr'><strong>ad</strong></span> <span class='ocrx_word' id='word_1_69' title='bbox 1330 733 1507 781; x_wconf 89' lang='lat' dir='ltr'><strong>iudices</strong></span> <span class='ocrx_word' id='word_1_70' title='bbox 1529 734 1674 781; x_wconf 87' lang='lat' dir='ltr'><strong>verba</strong></span> <span class='ocrx_word' id='word_1_71' title='bbox 1702 733 1890 792; x_wconf 81' lang='lat' dir='ltr'><strong>facienS,</strong></span> 
     </span>
     <span class='ocr_line' id='line_1_9' title="bbox 124 810 1889 872; baseline -0.001 -10"><span class='ocrx_word' id='word_1_72' title='bbox 124 813 366 862; x_wconf 86' lang='lat' dir='ltr'><strong>interdum</strong></span> <span class='ocrx_word' id='word_1_73' title='bbox 401 812 450 859; x_wconf 93' lang='lat' dir='ltr'><strong>in</strong></span> <span class='ocrx_word' id='word_1_74' title='bbox 482 810 612 859; x_wconf 91' lang='lat' dir='ltr'><strong>illum</strong></span> <span class='ocrx_word' id='word_1_75' title='bbox 644 811 797 872; x_wconf 85' lang='lat' dir='ltr'><strong>ipsum</strong></span> <span class='ocrx_word' id='word_1_76' title='bbox 830 810 1073 871; x_wconf 89' lang='lat' dir='ltr'><strong>invehens,</strong></span> <span class='ocrx_word' id='word_1_77' title='bbox 1106 812 1248 860; x_wconf 91' lang='lat' dir='ltr'><strong>modo</strong></span> <span class='ocrx_word' id='word_1_78' title='bbox 1270 812 1681 860; x_wconf 87' lang='lat' dir='ltr'><strong>vehementissima</strong></span> <span class='ocrx_word' id='word_1_79' title='bbox 1708 813 1889 872; x_wconf 83' lang='lat' dir='ltr'><strong>gravis-</strong></span> 
     </span>
     <span class='ocr_line' id='line_1_10' title="bbox 125 892 1889 952; baseline -0.001 -11"><span class='ocrx_word' id='word_1_80' title='bbox 125 895 338 952; x_wconf 89' lang='lat' dir='ltr'><strong>simaque</strong></span> <span class='ocrx_word' id='word_1_81' title='bbox 359 892 574 940; x_wconf 87' lang='lat' dir='ltr'><strong>oratione</strong></span> <span class='ocrx_word' id='word_1_82' title='bbox 599 906 706 939; x_wconf 88' lang='lat' dir='ltr'><strong>eum</strong></span> <span class='ocrx_word' id='word_1_83' title='bbox 728 892 955 952; x_wconf 88' lang='lat' dir='ltr'><strong>lacerans,</strong></span> <span class='ocrx_word' id='word_1_84' title='bbox 988 892 1230 940; x_wconf 89' lang='lat' dir='ltr'><strong>interdum</strong></span> <span class='ocrx_word' id='word_1_85' title='bbox 1253 896 1416 940; x_wconf 91' lang='lat' dir='ltr'><strong>autem</strong></span> <span class='ocrx_word' id='word_1_86' title='bbox 1439 893 1539 940; x_wconf 86' lang='lat' dir='ltr'><strong>sale</strong></span> <span class='ocrx_word' id='word_1_87' title='bbox 1563 897 1614 941; x_wconf 89' lang='lat' dir='ltr'><strong>et</strong></span> <span class='ocrx_word' id='word_1_88' title='bbox 1640 893 1889 941; x_wconf 83' lang='lat' dir='ltr'>dicacitate</span> 
     </span>
     <span class='ocr_line' id='line_1_11' title="bbox 123 971 1886 1033; baseline 0.001 -14"><span class='ocrx_word' id='word_1_89' title='bbox 123 973 461 1032; x_wconf 82' lang='lat' dir='ltr'><strong>perstringens,</strong></span> <span class='ocrx_word' id='word_1_90' title='bbox 539 971 636 1019; x_wconf 91' lang='lat' dir='ltr'><strong>Nec</strong></span> <span class='ocrx_word' id='word_1_91' title='bbox 685 971 829 1019; x_wconf 89' lang='lat' dir='ltr'><strong>semel</strong></span> <span class='ocrx_word' id='word_1_92' title='bbox 874 972 1183 1032; x_wconf 89' lang='lat' dir='ltr'><strong>plurimorum</strong></span> <span class='ocrx_word' id='word_1_93' title='bbox 1226 972 1471 1020; x_wconf 87' lang='lat' dir='ltr'><strong>criminum</strong></span> <span class='ocrx_word' id='word_1_94' title='bbox 1508 972 1886 1033; x_wconf 90' lang='lat' dir='ltr'><strong>probrorumque</strong></span> 
     </span>
     <span class='ocr_line' id='line_1_12' title="bbox 123 1049 1887 1112; baseline -0.001 -12"><span class='ocrx_word' id='word_1_95' title='bbox 123 1052 406 1100; x_wconf 83' lang='lat' dir='ltr'><strong>mentionem</strong></span> <span class='ocrx_word' id='word_1_96' title='bbox 438 1051 574 1111; x_wconf 88' lang='lat' dir='ltr'><strong>facit,</strong></span> <span class='ocrx_word' id='word_1_97' title='bbox 617 1050 697 1099; x_wconf 91' lang='lat' dir='ltr'><strong>sed</strong></span> <span class='ocrx_word' id='word_1_98' title='bbox 744 1054 965 1112; x_wconf 83' lang='lat' dir='ltr'><strong>repetens</strong></span> <span class='ocrx_word' id='word_1_99' title='bbox 1009 1055 1155 1111; x_wconf 89' lang='lat' dir='ltr'><strong>atque</strong></span> <span class='ocrx_word' id='word_1_100' title='bbox 1187 1065 1386 1112; x_wconf 81' lang='lat' dir='ltr'><strong>urgenS,</strong></span> <span class='ocrx_word' id='word_1_101' title='bbox 1434 1049 1504 1099; x_wconf 86' lang='lat' dir='ltr'><strong>ita</strong></span> <span class='ocrx_word' id='word_1_102' title='bbox 1537 1056 1591 1099; x_wconf 92' lang='lat' dir='ltr'><strong>ut</strong></span> <span class='ocrx_word' id='word_1_103' title='bbox 1623 1065 1807 1099; x_wconf 89' lang='lat' dir='ltr'><strong>summa</strong></span> <span class='ocrx_word' id='word_1_104' title='bbox 1840 1052 1887 1098; x_wconf 89' lang='lat' dir='ltr'><strong>vi</strong></span> 
     </span>
     <span class='ocr_line' id='line_1_13' title="bbox 121 1131 1884 1191; baseline 0.001 -13"><span class='ocrx_word' id='word_1_105' title='bbox 121 1132 355 1179; x_wconf 87' lang='lat' dir='ltr'><strong>iudicibus</strong></span> <span class='ocrx_word' id='word_1_106' title='bbox 388 1132 641 1191; x_wconf 84' lang='lat' dir='ltr'><strong>pessimam</strong></span> <span class='ocrx_word' id='word_1_107' title='bbox 689 1132 747 1178; x_wconf 88' lang='lat' dir='ltr'><strong>de</strong></span> <span class='ocrx_word' id='word_1_108' title='bbox 788 1131 870 1178; x_wconf 93' lang='lat' dir='ltr'><strong>illo</strong></span> <span class='ocrx_word' id='word_1_109' title='bbox 912 1132 1174 1191; x_wconf 88' lang='lat' dir='ltr'><strong>opinionem</strong></span> <span class='ocrx_word' id='word_1_110' title='bbox 1217 1132 1451 1179; x_wconf 88' lang='lat' dir='ltr'><strong>inculcare</strong></span> <span class='ocrx_word' id='word_1_111' title='bbox 1492 1131 1611 1179; x_wconf 89' lang='lat' dir='ltr'><strong>velle</strong></span> <span class='ocrx_word' id='word_1_112' title='bbox 1650 1132 1884 1180; x_wconf 88' lang='lat' dir='ltr'><strong>videatur.</strong></span> 
     </span>
     <span class='ocr_line' id='line_1_14' title="bbox 122 1209 1891 1271; baseline -0.001 -11"><span class='ocrx_word' id='word_1_113' title='bbox 122 1212 291 1260; x_wconf 91' lang='lat' dir='ltr'><strong>Nonne</strong></span> <span class='ocrx_word' id='word_1_114' title='bbox 322 1225 380 1259; x_wconf 88' lang='lat' dir='ltr'><strong>ex</strong></span> <span class='ocrx_word' id='word_1_115' title='bbox 413 1211 486 1259; x_wconf 93' lang='lat' dir='ltr'><strong>his</strong></span> <span class='ocrx_word' id='word_1_116' title='bbox 521 1224 617 1259; x_wconf 92' lang='lat' dir='ltr'><strong>non</strong></span> <span class='ocrx_word' id='word_1_117' title='bbox 647 1210 784 1259; x_wconf 89' lang='lat' dir='ltr'><strong>modo</strong></span> <span class='ocrx_word' id='word_1_118' title='bbox 820 1225 914 1271; x_wconf 83' lang='lat' dir='ltr'><strong>eOS,</strong></span> <span class='ocrx_word' id='word_1_119' title='bbox 948 1211 1031 1271; x_wconf 92' lang='lat' dir='ltr'><strong>qui</strong></span> <span class='ocrx_word' id='word_1_120' title='bbox 1059 1215 1217 1259; x_wconf 89' lang='lat' dir='ltr'><strong>aetate</strong></span> <span class='ocrx_word' id='word_1_121' title='bbox 1241 1209 1487 1259; x_wconf 89' lang='lat' dir='ltr'><strong>inferiores</strong></span> <span class='ocrx_word' id='word_1_122' title='bbox 1521 1215 1674 1271; x_wconf 89' lang='lat' dir='ltr'><strong>erant,</strong></span> <span class='ocrx_word' id='word_1_123' title='bbox 1709 1211 1891 1270; x_wconf 89' lang='lat' dir='ltr'><strong>magni·</strong></span> 
     </span>
     <span class='ocr_line' id='line_1_15' title="bbox 123 1291 1886 1351; baseline 0.001 -12"><span class='ocrx_word' id='word_1_124' title='bbox 123 1292 284 1339; x_wconf 90' lang='lat' dir='ltr'><strong>tudine</strong></span> <span class='ocrx_word' id='word_1_125' title='bbox 333 1295 384 1338; x_wconf 92' lang='lat' dir='ltr'><strong>et</strong></span> <span class='ocrx_word' id='word_1_126' title='bbox 426 1291 628 1339; x_wconf 85' lang='lat' dir='ltr'><strong>audacia</strong></span> <span class='ocrx_word' id='word_1_127' title='bbox 682 1291 944 1338; x_wconf 86' lang='lat' dir='ltr'><strong>calumniae</strong></span> <span class='ocrx_word' id='word_1_128' title='bbox 990 1291 1184 1351; x_wconf 83' lang='lat' dir='ltr'>adduci,</span> <span class='ocrx_word' id='word_1_129' title='bbox 1244 1294 1297 1338; x_wconf 91' lang='lat' dir='ltr'><strong>ut</strong></span> <span class='ocrx_word' id='word_1_130' title='bbox 1349 1305 1485 1338; x_wconf 88' lang='lat' dir='ltr'><strong>veras</strong></span> <span class='ocrx_word' id='word_1_131' title='bbox 1537 1305 1615 1344; x_wconf 88' lang='lat' dir='ltr'><strong>res</strong></span> <span class='ocrx_word' id='word_1_132' title='bbox 1660 1305 1886 1340; x_wconf 87' lang='lat' dir='ltr'><strong>accusare</strong></span> 
     </span>
     <span class='ocr_line' id='line_1_16' title="bbox 122 1367 1886 1432; baseline -0.001 -12"><span class='ocrx_word' id='word_1_133' title='bbox 122 1376 360 1420; x_wconf 86' lang='lat' dir='ltr'><strong>oratorem</strong></span> <span class='ocrx_word' id='word_1_134' title='bbox 403 1367 782 1431; x_wconf 87' lang='lat' dir='ltr'><strong>suspicarentur,</strong></span> <span class='ocrx_word' id='word_1_135' title='bbox 829 1370 910 1418; x_wconf 88' lang='lat' dir='ltr'><strong>sed</strong></span> <span class='ocrx_word' id='word_1_136' title='bbox 953 1371 1095 1418; x_wconf 88' lang='lat' dir='ltr'><strong>etiam</strong></span> <span class='ocrx_word' id='word_1_137' title='bbox 1142 1371 1435 1431; x_wconf 83' lang='lat' dir='ltr'><strong>superioreS,</strong></span> <span class='ocrx_word' id='word_1_138' title='bbox 1479 1371 1560 1431; x_wconf 92' lang='lat' dir='ltr'><strong>qui</strong></span> <span class='ocrx_word' id='word_1_139' title='bbox 1595 1371 1736 1419; x_wconf 88' lang='lat' dir='ltr'><strong>rebus</strong></span> <span class='ocrx_word' id='word_1_140' title='bbox 1771 1371 1886 1432; x_wconf 89' lang='lat' dir='ltr'><strong>ipsis</strong></span> 
     </span>
     <span class='ocr_line' id='line_1_17' title="bbox 120 1450 1886 1511; baseline 0 -12"><span class='ocrx_word' id='word_1_141' title='bbox 120 1450 461 1511; x_wconf 69' lang='lat' dir='ltr'><strong>interfuerant,</strong></span> <span class='ocrx_word' id='word_1_142' title='bbox 514 1454 570 1498; x_wconf 90' lang='lat' dir='ltr'><strong>ut</strong></span> <span class='ocrx_word' id='word_1_143' title='bbox 613 1451 909 1511; x_wconf 88' lang='lat' dir='ltr'><strong>dubitarent,</strong></span> <span class='ocrx_word' id='word_1_144' title='bbox 969 1465 1082 1498; x_wconf 88' lang='lat' dir='ltr'><strong>num</strong></span> <span class='ocrx_word' id='word_1_145' title='bbox 1128 1456 1258 1498; x_wconf 88' lang='lat' dir='ltr'><strong>recte</strong></span> <span class='ocrx_word' id='word_1_146' title='bbox 1302 1450 1359 1498; x_wconf 89' lang='lat' dir='ltr'><strong>de</strong></span> <span class='ocrx_word' id='word_1_147' title='bbox 1402 1451 1612 1498; x_wconf 88' lang='lat' dir='ltr'><strong>moribus</strong></span> <span class='ocrx_word' id='word_1_148' title='bbox 1656 1456 1704 1498; x_wconf 87' lang='lat' dir='ltr'><strong>et</strong></span> <span class='ocrx_word' id='word_1_149' title='bbox 1746 1450 1886 1499; x_wconf 87' lang='lat' dir='ltr'><strong>factis</strong></span> 
     </span>
     <span class='ocr_line' id='line_1_18' title="bbox 118 1529 1886 1589; baseline 0 -11"><span class='ocrx_word' id='word_1_150' title='bbox 118 1530 450 1579; x_wconf 87' lang='lat' dir='ltr'><strong>Demosthenis</strong></span> <span class='ocrx_word' id='word_1_151' title='bbox 490 1530 746 1589; x_wconf 85' lang='lat' dir='ltr'><strong>sentirent,</strong></span> <span class='ocrx_word' id='word_1_152' title='bbox 789 1544 877 1589; x_wconf 90' lang='lat' dir='ltr'><strong>par</strong></span> <span class='ocrx_word' id='word_1_153' title='bbox 918 1530 1060 1577; x_wconf 80' lang='lat' dir='ltr'><strong>erat?</strong></span> <span class='ocrx_word' id='word_1_154' title='bbox 1112 1529 1278 1577; x_wconf 84' lang='lat' dir='ltr'><strong>Nonne</strong></span> <span class='ocrx_word' id='word_1_155' title='bbox 1320 1529 1437 1578; x_wconf 90' lang='lat' dir='ltr'><strong>haec</strong></span> <span class='ocrx_word' id='word_1_156' title='bbox 1469 1530 1591 1577; x_wconf 90' lang='lat' dir='ltr'><strong>ratio</strong></span> <span class='ocrx_word' id='word_1_157' title='bbox 1625 1530 1686 1577; x_wconf 88' lang='lat' dir='ltr'><strong>ad</strong></span> <span class='ocrx_word' id='word_1_158' title='bbox 1721 1543 1886 1578; x_wconf 87' lang='lat' dir='ltr'><strong>eorum</strong></span> 
     </span>
     <span class='ocr_line' id='line_1_19' title="bbox 120 1609 1881 1669; baseline 0 -12"><span class='ocrx_word' id='word_1_159' title='bbox 120 1610 279 1658; x_wconf 90' lang='lat' dir='ltr'><strong>odium</strong></span> <span class='ocrx_word' id='word_1_160' title='bbox 313 1613 456 1669; x_wconf 89' lang='lat' dir='ltr'><strong>atque</strong></span> <span class='ocrx_word' id='word_1_161' title='bbox 487 1610 607 1656; x_wconf 91' lang='lat' dir='ltr'><strong>iram</strong></span> <span class='ocrx_word' id='word_1_162' title='bbox 638 1609 964 1665; x_wconf 75' lang='lat' dir='ltr'><strong>concitandam</strong></span> <span class='ocrx_word' id='word_1_163' title='bbox 996 1609 1115 1656; x_wconf 89' lang='lat' dir='ltr'><strong>bene</strong></span> <span class='ocrx_word' id='word_1_164' title='bbox 1147 1609 1369 1657; x_wconf 86' lang='lat' dir='ltr'><strong>instituta</strong></span> <span class='ocrx_word' id='word_1_165' title='bbox 1403 1610 1544 1657; x_wconf 83' lang='lat' dir='ltr'><strong>erat?</strong></span> <span class='ocrx_word' id='word_1_166' title='bbox 1577 1609 1721 1669; x_wconf 82' lang='lat' dir='ltr'><strong>Quid,</strong></span> <span class='ocrx_word' id='word_1_167' title='bbox 1755 1610 1881 1669; x_wconf 95' lang='lat' dir='ltr'><strong>quod</strong></span> 
     </span>
     <span class='ocr_line' id='line_1_20' title="bbox 118 1689 1881 1750; baseline 0 -13"><span class='ocrx_word' id='word_1_168' title='bbox 118 1690 325 1738; x_wconf 90' lang='lat' dir='ltr'><strong>iudicum</strong></span> <span class='ocrx_word' id='word_1_169' title='bbox 375 1689 542 1737; x_wconf 89' lang='lat' dir='ltr'><strong>animis</strong></span> <span class='ocrx_word' id='word_1_170' title='bbox 597 1689 819 1749; x_wconf 87' lang='lat' dir='ltr'><strong>proponit</strong></span> <span class='ocrx_word' id='word_1_171' title='bbox 862 1702 1139 1749; x_wconf 84' lang='lat' dir='ltr'><strong>praeconem</strong></span> <span class='ocrx_word' id='word_1_172' title='bbox 1181 1689 1227 1736; x_wconf 95' lang='lat' dir='ltr'><strong>in</strong></span> <span class='ocrx_word' id='word_1_173' title='bbox 1283 1689 1470 1737; x_wconf 90' lang='lat' dir='ltr'><strong>theatro</strong></span> <span class='ocrx_word' id='word_1_174' title='bbox 1513 1692 1881 1750; x_wconf 85' lang='lat' dir='ltr'><strong>renuntiantem,</strong></span> 
     </span>
     <span class='ocr_line' id='line_1_21' title="bbox 117 1768 1885 1830; baseline -0.001 -11"><span class='ocrx_word' id='word_1_175' title='bbox 117 1770 333 1819; x_wconf 89' lang='lat' dir='ltr'><strong>coronari</strong></span> <span class='ocrx_word' id='word_1_176' title='bbox 362 1768 748 1830; x_wconf 89' lang='lat' dir='ltr'><strong>Demosthenem,</strong></span> <span class='ocrx_word' id='word_1_177' title='bbox 780 1768 1070 1830; x_wconf 90' lang='lat' dir='ltr'><strong>propinquos</strong></span> <span class='ocrx_word' id='word_1_178' title='bbox 1105 1772 1261 1817; x_wconf 87' lang='lat' dir='ltr'><strong>autem</strong></span> <span class='ocrx_word' id='word_1_179' title='bbox 1295 1768 1344 1817; x_wconf 90' lang='lat' dir='ltr'><strong>in</strong></span> <span class='ocrx_word' id='word_1_180' title='bbox 1380 1783 1540 1830; x_wconf 89' lang='lat' dir='ltr'><strong>pugna</strong></span> <span class='ocrx_word' id='word_1_181' title='bbox 1572 1769 1698 1830; x_wconf 92' lang='lat' dir='ltr'><strong>apud</strong></span> <span class='ocrx_word' id='word_1_182' title='bbox 1734 1768 1885 1818; x_wconf 87' lang='lat' dir='ltr'><strong>Chae-</strong></span> 
     </span>
     <span class='ocr_line' id='line_1_22' title="bbox 117 1849 1883 1910; baseline 0 -12"><span class='ocrx_word' id='word_1_183' title='bbox 117 1864 309 1898; x_wconf 88' lang='lat' dir='ltr'><strong>roneam</strong></span> <span class='ocrx_word' id='word_1_184' title='bbox 340 1849 697 1897; x_wconf 89' lang='lat' dir='ltr'><strong>interfectorum</strong></span> <span class='ocrx_word' id='word_1_185' title='bbox 730 1862 984 1908; x_wconf 90' lang='lat' dir='ltr'><strong>omnesque</strong></span> <span class='ocrx_word' id='word_1_186' title='bbox 1016 1849 1251 1909; x_wconf 82' lang='lat' dir='ltr'><strong>GraecOS,</strong></span> <span class='ocrx_word' id='word_1_187' title='bbox 1285 1850 1367 1910; x_wconf 93' lang='lat' dir='ltr'><strong>qui</strong></span> <span class='ocrx_word' id='word_1_188' title='bbox 1400 1850 1660 1898; x_wconf 89' lang='lat' dir='ltr'><strong>liberaliter</strong></span> <span class='ocrx_word' id='word_1_189' title='bbox 1694 1850 1883 1898; x_wconf 90' lang='lat' dir='ltr'><strong>educati</strong></span> 
     </span>
     <span class='ocr_line' id='line_1_23' title="bbox 116 1929 1881 1991; baseline -0.001 -12"><span class='ocrx_word' id='word_1_190' title='bbox 116 1932 237 1991; x_wconf 84' lang='lat' dir='ltr'><strong>sint,</strong></span> <span class='ocrx_word' id='word_1_191' title='bbox 271 1944 414 1990; x_wconf 87' lang='lat' dir='ltr'><strong>aegre</strong></span> <span class='ocrx_word' id='word_1_192' title='bbox 447 1929 675 1989; x_wconf 83' lang='lat' dir='ltr'><strong>ferenteS,</strong></span> <span class='ocrx_word' id='word_1_193' title='bbox 721 1929 863 1989; x_wconf 92' lang='lat' dir='ltr'><strong>idque</strong></span> <span class='ocrx_word' id='word_1_194' title='bbox 903 1943 956 1977; x_wconf 92' lang='lat' dir='ltr'><strong>eo</strong></span> <span class='ocrx_word' id='word_1_195' title='bbox 990 1929 1168 1990; x_wconf 81' lang='lat' dir='ltr'><strong>magiS,</strong></span> <span class='ocrx_word' id='word_1_196' title='bbox 1213 1944 1358 1990; x_wconf 90' lang='lat' dir='ltr'><strong>quum</strong></span> <span class='ocrx_word' id='word_1_197' title='bbox 1392 1929 1727 1991; x_wconf 86' lang='lat' dir='ltr'><strong>recordentur,</strong></span> <span class='ocrx_word' id='word_1_198' title='bbox 1770 1930 1881 1979; x_wconf 91' lang='lat' dir='ltr'><strong>olim</strong></span> 
     </span>
     <span class='ocr_line' id='line_1_24' title="bbox 118 2008 1881 2070; baseline -0.001 -10"><span class='ocrx_word' id='word_1_199' title='bbox 118 2011 285 2060; x_wconf 89' lang='lat' dir='ltr'><strong>eodem</strong></span> <span class='ocrx_word' id='word_1_200' title='bbox 318 2008 393 2058; x_wconf 91' lang='lat' dir='ltr'><strong>die</strong></span> <span class='ocrx_word' id='word_1_201' title='bbox 429 2012 479 2057; x_wconf 90' lang='lat' dir='ltr'><strong>et</strong></span> <span class='ocrx_word' id='word_1_202' title='bbox 512 2009 616 2057; x_wconf 93' lang='lat' dir='ltr'><strong>loco</strong></span> <span class='ocrx_word' id='word_1_203' title='bbox 646 2008 790 2056; x_wconf 90' lang='lat' dir='ltr'><strong>moris</strong></span> <span class='ocrx_word' id='word_1_204' title='bbox 836 2021 963 2069; x_wconf 90' lang='lat' dir='ltr'><strong>esse,</strong></span> <span class='ocrx_word' id='word_1_205' title='bbox 1009 2012 1064 2056; x_wconf 92' lang='lat' dir='ltr'><strong>ut</strong></span> <span class='ocrx_word' id='word_1_206' title='bbox 1097 2008 1444 2070; x_wconf 82' lang='lat' dir='ltr'><strong>adolescenteS,</strong></span> <span class='ocrx_word' id='word_1_207' title='bbox 1486 2022 1687 2070; x_wconf 90' lang='lat' dir='ltr'><strong>quorum</strong></span> <span class='ocrx_word' id='word_1_208' title='bbox 1719 2015 1881 2070; x_wconf 71' lang='lat' dir='ltr'><strong>patres</strong></span> 
     </span>
     <span class='ocr_line' id='line_1_25' title="bbox 116 2089 1884 2150; baseline 0 -12"><span class='ocrx_word' id='word_1_209' title='bbox 116 2092 238 2139; x_wconf 88' lang='lat' dir='ltr'><strong>bello</strong></span> <span class='ocrx_word' id='word_1_210' title='bbox 281 2091 575 2149; x_wconf 87' lang='lat' dir='ltr'><strong>occiderant,</strong></span> <span class='ocrx_word' id='word_1_211' title='bbox 628 2092 729 2137; x_wconf 91' lang='lat' dir='ltr'><strong>toto</strong></span> <span class='ocrx_word' id='word_1_212' title='bbox 779 2089 941 2148; x_wconf 83' lang='lat' dir='ltr'><strong>gravis</strong></span> <span class='ocrx_word' id='word_1_213' title='bbox 993 2093 1269 2137; x_wconf 88' lang='lat' dir='ltr'><strong>armaturae</strong></span> <span class='ocrx_word' id='word_1_214' title='bbox 1314 2094 1549 2150; x_wconf 86' lang='lat' dir='ltr'><strong>apparatu</strong></span> <span class='ocrx_word' id='word_1_215' title='bbox 1587 2089 1772 2149; x_wconf 90' lang='lat' dir='ltr'><strong>publice</strong></span> <span class='ocrx_word' id='word_1_216' title='bbox 1814 2091 1884 2138; x_wconf 91' lang='lat' dir='ltr'><strong>in-</strong></span> 
     </span>
     <span class='ocr_line' id='line_1_26' title="bbox 116 2168 1883 2230; baseline -0.001 -10"><span class='ocrx_word' id='word_1_217' title='bbox 116 2174 417 2220; x_wconf 87' lang='lat' dir='ltr'><strong>struerentur</strong></span> <span class='ocrx_word' id='word_1_218' title='bbox 460 2173 510 2218; x_wconf 88' lang='lat' dir='ltr'><strong>ct</strong></span> <span class='ocrx_word' id='word_1_219' title='bbox 555 2168 617 2217; x_wconf 92' lang='lat' dir='ltr'><strong>ad</strong></span> <span class='ocrx_word' id='word_1_220' title='bbox 658 2168 882 2217; x_wconf 89' lang='lat' dir='ltr'><strong>honorem</strong></span> <span class='ocrx_word' id='word_1_221' title='bbox 926 2168 1049 2217; x_wconf 88' lang='lat' dir='ltr'><strong>inter</strong></span> <span class='ocrx_word' id='word_1_222' title='bbox 1092 2169 1269 2230; x_wconf 88' lang='lat' dir='ltr'><strong>primos</strong></span> <span class='ocrx_word' id='word_1_223' title='bbox 1321 2168 1519 2218; x_wconf 88' lang='lat' dir='ltr'><strong>sedendi</strong></span> <span class='ocrx_word' id='word_1_224' title='bbox 1563 2170 1883 2218; x_wconf 79' lang='lat' dir='ltr'><strong>vocarentur?</strong></span> 
     </span>
     <span class='ocr_line' id='line_1_27' title="bbox 114 2248 1879 2313; baseline 0 -14"><span class='ocrx_word' id='word_1_225' title='bbox 114 2251 190 2312; x_wconf 85' lang='lat' dir='ltr'><strong>(cf.</strong></span> <span class='ocrx_word' id='word_1_226' title='bbox 226 2251 251 2313; x_wconf 64' lang='grc' dir='ltr'><strong>ἓ</strong></span> <span class='ocrx_word' id='word_1_227' title='bbox 290 2252 571 2308; x_wconf 80' lang='lat'>158—154).</span> <span class='ocrx_word' id='word_1_228' title='bbox 639 2248 783 2308; x_wconf 88' lang='lat' dir='ltr'><strong>Quid,</strong></span> <span class='ocrx_word' id='word_1_229' title='bbox 814 2248 940 2309; x_wconf 90' lang='lat' dir='ltr'><strong>quod</strong></span> <span class='ocrx_word' id='word_1_230' title='bbox 974 2249 1149 2297; x_wconf 90' lang='lat' dir='ltr'><strong>iudices</strong></span> <span class='ocrx_word' id='word_1_231' title='bbox 1183 2249 1491 2310; x_wconf 87' lang='lat' dir='ltr'><strong>deprecatur,</strong></span> <span class='ocrx_word' id='word_1_232' title='bbox 1536 2262 1594 2297; x_wconf 90' lang='lat' dir='ltr'><strong>ne</strong></span> <span class='ocrx_word' id='word_1_233' title='bbox 1627 2249 1879 2299; x_wconf 85' lang='lat' dir='ltr'><strong>Thebanos</strong></span> 
     </span>
     <span class='ocr_line' id='line_1_28' title="bbox 113 2329 1880 2392; baseline -0.001 -12"><span class='ocrx_word' id='word_1_234' title='bbox 113 2332 232 2380; x_wconf 91' lang='lat' dir='ltr'><strong>urbe</strong></span> <span class='ocrx_word' id='word_1_235' title='bbox 285 2334 500 2392; x_wconf 89' lang='lat' dir='ltr'><strong>receptos</strong></span> <span class='ocrx_word' id='word_1_236' title='bbox 560 2329 849 2382; x_wconf 83' lang='lat' dir='ltr'><strong>calamitatis</strong></span> <span class='ocrx_word' id='word_1_237' title='bbox 905 2342 1069 2376; x_wconf 90' lang='lat' dir='ltr'><strong>eorum</strong></span> <span class='ocrx_word' id='word_1_238' title='bbox 1134 2329 1556 2377; x_wconf 87' lang='lat' dir='ltr'><strong>commonefaciant</strong></span> <span class='ocrx_word' id='word_1_239' title='bbox 1609 2331 1880 2380; x_wconf 87' lang='lat' dir='ltr'><strong>coronando</strong></span> 
     </span>
     <span class='ocr_line' id='line_1_29' title="bbox 112 2408 1879 2471; baseline 0 -11"><span class='ocrx_word' id='word_1_240' title='bbox 112 2412 448 2471; x_wconf 84' lang='lat' dir='ltr'><strong>Demosthene,</strong></span> <span class='ocrx_word' id='word_1_241' title='bbox 485 2411 613 2459; x_wconf 91' lang='lat' dir='ltr'><strong>cuius</strong></span> <span class='ocrx_word' id='word_1_242' title='bbox 646 2409 784 2471; x_wconf 88' lang='lat' dir='ltr'><strong>culpa</strong></span> <span class='ocrx_word' id='word_1_243' title='bbox 819 2423 876 2457; x_wconf 88' lang='lat' dir='ltr'><strong>ea</strong></span> <span class='ocrx_word' id='word_1_244' title='bbox 904 2408 1144 2470; x_wconf 89' lang='lat' dir='ltr'><strong>inciderit,</strong></span> <span class='ocrx_word' id='word_1_245' title='bbox 1180 2414 1252 2470; x_wconf 91' lang='lat' dir='ltr'><strong>et,</strong></span> <span class='ocrx_word' id='word_1_246' title='bbox 1282 2414 1336 2458; x_wconf 93' lang='lat' dir='ltr'><strong>ut</strong></span> <span class='ocrx_word' id='word_1_247' title='bbox 1367 2410 1470 2458; x_wconf 89' lang='lat' dir='ltr'><strong>eius</strong></span> <span class='ocrx_word' id='word_1_248' title='bbox 1502 2410 1879 2471; x_wconf 86' lang='lat' dir='ltr'><strong>magnitudinem</strong></span> 
     </span>
     <span class='ocr_line' id='line_1_30' title="bbox 111 2489 1876 2553; baseline -0.001 -12"><span class='ocrx_word' id='word_1_249' title='bbox 111 2493 503 2553; x_wconf 84' lang='lat' dir='ltr'><strong>atrocitatemque</strong></span> <span class='ocrx_word' id='word_1_250' title='bbox 536 2490 738 2539; x_wconf 87' lang='lat' dir='ltr'><strong>maxime</strong></span> <span class='ocrx_word' id='word_1_251' title='bbox 772 2489 983 2538; x_wconf 86' lang='lat' dir='ltr'><strong>sentiant</strong></span> <span class='ocrx_word' id='word_1_252' title='bbox 1019 2490 1311 2550; x_wconf 86' lang='lat' dir='ltr'><strong>maximeque</strong></span> <span class='ocrx_word' id='word_1_253' title='bbox 1352 2503 1408 2538; x_wconf 89' lang='lat' dir='ltr'><strong>ea</strong></span> <span class='ocrx_word' id='word_1_254' title='bbox 1441 2489 1735 2551; x_wconf 88' lang='lat' dir='ltr'><strong>afficiantur,</strong></span> <span class='ocrx_word' id='word_1_255' title='bbox 1784 2506 1876 2539; x_wconf 93' lang='lat' dir='ltr'><strong>non</strong></span> 
     </span>
     <span class='ocr_line' id='line_1_31' title="bbox 111 2569 1875 2633; baseline 0 -13"><span class='ocrx_word' id='word_1_256' title='bbox 111 2573 247 2622; x_wconf 91' lang='lat' dir='ltr'><strong>modo</strong></span> <span class='ocrx_word' id='word_1_257' title='bbox 281 2576 548 2633; x_wconf 88' lang='lat' dir='ltr'><strong>enumerat,</strong></span> <span class='ocrx_word' id='word_1_258' title='bbox 582 2571 666 2619; x_wconf 89' lang='lat' dir='ltr'><strong>sed</strong></span> <span class='ocrx_word' id='word_1_259' title='bbox 701 2569 847 2618; x_wconf 91' lang='lat' dir='ltr'><strong>oculis</strong></span> <span class='ocrx_word' id='word_1_260' title='bbox 882 2573 1122 2631; x_wconf 88' lang='lat' dir='ltr'><strong>tamquam</strong></span> <span class='ocrx_word' id='word_1_261' title='bbox 1159 2570 1362 2630; x_wconf 90' lang='lat' dir='ltr'><strong>subiicit,</strong></span> <span class='ocrx_word' id='word_1_262' title='bbox 1401 2584 1704 2632; x_wconf 87' lang='lat' dir='ltr'><strong>quaecunque</strong></span> <span class='ocrx_word' id='word_1_263' title='bbox 1738 2572 1875 2620; x_wconf 87' lang='lat' dir='ltr'><strong>foeda</strong></span> 
     </span>
     <span class='ocr_line' id='line_1_32' title="bbox 111 2649 1874 2713; baseline -0.001 -13"><span class='ocrx_word' id='word_1_264' title='bbox 111 2667 166 2701; x_wconf 91' lang='lat' dir='ltr'><strong>ac</strong></span> <span class='ocrx_word' id='word_1_265' title='bbox 198 2654 360 2713; x_wconf 90' lang='lat' dir='ltr'><strong>turpia</strong></span> <span class='ocrx_word' id='word_1_266' title='bbox 390 2652 439 2699; x_wconf 93' lang='lat' dir='ltr'><strong>in</strong></span> <span class='ocrx_word' id='word_1_267' title='bbox 473 2654 793 2712; x_wconf 86' lang='lat' dir='ltr'><strong>expugnatam</strong></span> <span class='ocrx_word' id='word_1_268' title='bbox 825 2649 988 2697; x_wconf 90' lang='lat' dir='ltr'><strong>urbem</strong></span> <span class='ocrx_word' id='word_1_269' title='bbox 1031 2651 1202 2698; x_wconf 86' lang='lat' dir='ltr'><strong>cadere</strong></span> <span class='ocrx_word' id='word_1_270' title='bbox 1242 2651 1434 2698; x_wconf 74' lang='lat' dir='ltr'><strong>solent?</strong></span> <span class='ocrx_word' id='word_1_271' title='bbox 1481 2651 1649 2698; x_wconf 91' lang='lat' dir='ltr'><strong>Nonne</strong></span> <span class='ocrx_word' id='word_1_272' title='bbox 1680 2651 1874 2712; x_wconf 76' lang='lat' dir='ltr'><strong>iudiceS,</strong></span> 
     </span>
     <span class='ocr_line' id='line_1_33' title="bbox 112 2729 1876 2793; baseline -0.001 -13"><span class='ocrx_word' id='word_1_273' title='bbox 112 2746 207 2793; x_wconf 88' lang='lat' dir='ltr'><strong>qua</strong></span> <span class='ocrx_word' id='word_1_274' title='bbox 254 2732 453 2780; x_wconf 87' lang='lat' dir='ltr'><strong>mollitia</strong></span> <span class='ocrx_word' id='word_1_275' title='bbox 508 2731 650 2779; x_wconf 88' lang='lat' dir='ltr'><strong>animi</strong></span> <span class='ocrx_word' id='word_1_276' title='bbox 700 2729 1015 2778; x_wconf 88' lang='lat' dir='ltr'><strong>Athenienses</strong></span> <span class='ocrx_word' id='word_1_277' title='bbox 1078 2735 1241 2792; x_wconf 89' lang='lat' dir='ltr'><strong>erant,</strong></span> <span class='ocrx_word' id='word_1_278' title='bbox 1297 2731 1499 2779; x_wconf 89' lang='lat' dir='ltr'><strong>maxima</strong></span> <span class='ocrx_word' id='word_1_279' title='bbox 1554 2730 1876 2780; x_wconf 87' lang='lat' dir='ltr'><strong>misericordia</strong></span> 
     </span>
     <span class='ocr_line' id='line_1_34' title="bbox 107 2809 1875 2872; baseline 0 -12"><span class='ocrx_word' id='word_1_280' title='bbox 107 2809 276 2862; x_wconf 83' lang='lat' dir='ltr'><strong>horum</strong></span> <span class='ocrx_word' id='word_1_281' title='bbox 321 2813 528 2862; x_wconf 90' lang='lat' dir='ltr'><strong>omnium</strong></span> <span class='ocrx_word' id='word_1_282' title='bbox 578 2810 865 2860; x_wconf 86' lang='lat' dir='ltr'><strong>afflictorum</strong></span> <span class='ocrx_word' id='word_1_283' title='bbox 909 2811 1189 2859; x_wconf 88' lang='lat' dir='ltr'><strong>commoveri</strong></span> <span class='ocrx_word' id='word_1_284' title='bbox 1232 2825 1379 2872; x_wconf 89' lang='lat' dir='ltr'><strong>eoque</strong></span> <span class='ocrx_word' id='word_1_285' title='bbox 1420 2811 1593 2860; x_wconf 87' lang='lat' dir='ltr'><strong>maiore</strong></span> <span class='ocrx_word' id='word_1_286' title='bbox 1631 2812 1875 2861; x_wconf 87' lang='lat' dir='ltr'><strong>iracundia</strong></span> 
     </span>
     <span class='ocr_line' id='line_1_35' title="bbox 108 2884 1875 2952; baseline 0 -11"><span class='ocrx_word' id='word_1_287' title='bbox 108 2899 277 2942; x_wconf 87' lang='lat' dir='ltr'><strong>contra</strong></span> <span class='ocrx_word' id='word_1_288' title='bbox 320 2884 499 2942; x_wconf 85' lang='lat' dir='ltr'><strong>funesti</strong></span> <span class='ocrx_word' id='word_1_289' title='bbox 538 2892 665 2939; x_wconf 93' lang='lat' dir='ltr'><strong>illius</strong></span> <span class='ocrx_word' id='word_1_290' title='bbox 707 2891 816 2939; x_wconf 91' lang='lat' dir='ltr'><strong>belli</strong></span> <span class='ocrx_word' id='word_1_291' title='bbox 860 2895 1101 2938; x_wconf 87' lang='lat' dir='ltr'><strong>auctorem</strong></span> <span class='ocrx_word' id='word_1_292' title='bbox 1135 2891 1346 2952; x_wconf 89' lang='lat' dir='ltr'><strong>incendi,</strong></span> <span class='ocrx_word' id='word_1_293' title='bbox 1391 2905 1580 2940; x_wconf 88' lang='lat' dir='ltr'><strong>necesse</strong></span> <span class='ocrx_word' id='word_1_294' title='bbox 1615 2893 1755 2940; x_wconf 83' lang='lat' dir='ltr'><strong>erat?</strong></span> <span class='ocrx_word' id='word_1_295' title='bbox 1798 2893 1875 2952; x_wconf 84' lang='lat' dir='ltr'><strong>(cf.</strong></span> 
     </span>
     <span class='ocr_line' id='line_1_36' title="bbox 109 2958 1875 3034; baseline 0 -13"><span class='ocrx_word' id='word_1_296' title='bbox 109 2973 135 3034; x_wconf 66' lang='grc' dir='ltr'>ἓ</span> <span class='ocrx_word' id='word_1_297' title='bbox 171 2958 452 3034; x_wconf 77' lang='grc'><strong>156-157).</strong></span> <span class='ocrx_word' id='word_1_298' title='bbox 517 2971 695 3020; x_wconf 89' lang='lat' dir='ltr'><strong>Eadem</strong></span> <span class='ocrx_word' id='word_1_299' title='bbox 729 2974 906 3031; x_wconf 89' lang='lat' dir='ltr'><strong>mente,</strong></span> <span class='ocrx_word' id='word_1_300' title='bbox 943 2975 996 3018; x_wconf 91' lang='lat' dir='ltr'><strong>ut</strong></span> <span class='ocrx_word' id='word_1_301' title='bbox 1026 2971 1143 3019; x_wconf 90' lang='lat' dir='ltr'><strong>iram</strong></span> <span class='ocrx_word' id='word_1_302' title='bbox 1175 2971 1381 3019; x_wconf 90' lang='lat' dir='ltr'><strong>iudicum</strong></span> <span class='ocrx_word' id='word_1_303' title='bbox 1409 2976 1577 3020; x_wconf 87' lang='lat' dir='ltr'><strong>contra</strong></span> <span class='ocrx_word' id='word_1_304' title='bbox 1597 2972 1875 3022; x_wconf 88' lang='lat' dir='ltr'><strong>Aeschinem</strong></span> 
     </span>
     <span class='ocr_line' id='line_1_37' title="bbox 106 3051 1875 3113; baseline 0 -11"><span class='ocrx_word' id='word_1_305' title='bbox 106 3060 296 3113; x_wconf 87' lang='lat' dir='ltr'><strong>augeat,</strong></span> <span class='ocrx_word' id='word_1_306' title='bbox 329 3053 668 3102; x_wconf 88' lang='lat' dir='ltr'><strong>Demosthenes</strong></span> <span class='ocrx_word' id='word_1_307' title='bbox 695 3052 741 3099; x_wconf 91' lang='lat' dir='ltr'><strong>in</strong></span> <span class='ocrx_word' id='word_1_308' title='bbox 769 3052 995 3112; x_wconf 87' lang='lat' dir='ltr'><strong>oratione,</strong></span> <span class='ocrx_word' id='word_1_309' title='bbox 1028 3066 1169 3112; x_wconf 90' lang='lat' dir='ltr'><strong>quam</strong></span> <span class='ocrx_word' id='word_1_310' title='bbox 1191 3051 1250 3100; x_wconf 89' lang='lat' dir='ltr'><strong>de</strong></span> <span class='ocrx_word' id='word_1_311' title='bbox 1279 3051 1400 3100; x_wconf 83' lang='lat' dir='ltr'><strong>falsa</strong></span> <span class='ocrx_word' id='word_1_312' title='bbox 1424 3052 1660 3113; x_wconf 87' lang='lat' dir='ltr'><strong>legatione</strong></span> <span class='ocrx_word' id='word_1_313' title='bbox 1692 3053 1875 3113; x_wconf 86' lang='lat' dir='ltr'><strong>habuit,</strong></span> 
     </span>
    </p>
   </div>
   <div class='ocr_carea' id='block_1_3' title="bbox 0 3466 746 3494">
    <p class='ocr_par' dir='ltr' id='par_1_3' title="bbox 0 3466 746 3494">
     <span class='ocr_line' id='line_1_38' title="bbox 0 3466 746 3494; baseline 0 0"><span class='ocrx_word' id='word_1_314' title='bbox 0 3466 746 3494; x_wconf 95' lang='lat' dir='ltr'><strong> </strong></span> 
     </span>
    </p>
   </div>
  </div>
 </body>
</html>
