2063 3494
910 79 1091 161 *357

166 243 434 293 rationibus
466 240 785 291 confirmanda
815 248 939 291 sunt.
1015 239 1304 288 Narratione
1336 250 1414 296 ca,
1456 249 1579 296 quae
1619 240 1695 284 est
1735 237 1927 296 propria

163 336 279 386 pars
309 323 557 384 orationi8‚
607 322 725 372 haec
756 321 863 374 ideo
893 325 1053 380 caret,
1097 320 1211 380 quia
1247 331 1338 365 non
1383 320 1484 365 tam
1518 316 1578 364 de
1611 314 1737 364 facto
1770 315 1927 376 aliquo

164 403 436 464 quaeritur,
472 413 612 463 quam
647 403 708 451 de
739 401 1133 461 interpretatione
1164 399 1342 457 legum,
1381 409 1502 457 quae
1535 395 1752 443 omnibus
1785 399 1930 442 notae

164 488 294 530 sunt.
357 482 534 543 Magna
574 481 764 543 quidem
806 479 1044 529 orationis
1087 484 1200 539 pars
1232 482 1391 526 tamen
1423 476 1473 524 in
1505 475 1646 524 rebus
1677 474 1931 522 narrandis

165 566 399 622 versatur,
429 562 651 609 nimirum
682 561 907 620 pleraque
939 572 1115 618 eorum,
1147 571 1268 617 quae
1301 571 1332 604 a
1364 557 1391 618 ξ
1425 560 1485 604 58
1519 569 1669 616 usque
1694 554 1756 601 ad
1787 553 1814 615 ξ
1839 556 1929 600 167

164 640 403 702 leguntur.
465 640 559 691 Sed
574 647 578 654 ·
593 640 684 688 hae
716 643 831 688 sunt
862 638 1163 687 narrationes
1199 638 1436 685 variarum
1468 649 1650 696 rerum,
1693 648 1814 696 quae
1844 646 1931 694 pro
1960 678 1963 681 .

163 721 460 782 argumentis
516 720 702 781 positae
754 723 869 769 sunt
924 722 1071 779 atque
1131 718 1195 767 ad
1256 719 1509 767 materiam
1559 714 1929 766 confirmationis

162 802 418 862 pertinent.

289 882 393 930 Iam
424 893 537 928 vero
577 878 697 927 haec
741 883 847 928 tota
889 893 1004 940 pars
1045 893 1185 940 quam
1228 879 1326 927 late
1369 882 1534 940 pateat
1565 881 1616 926 et
1645 891 1675 925 a
1707 889 1802 937 qua
1833 875 1929 923 alia

165 960 442 1021 excipiatur,
476 973 650 1019 magna
682 960 872 1008 exsistit
903 961 1133 1020 quaestio.
1210 959 1341 1017 Quae
1371 959 1509 1008 facile
1543 962 1709 1006 nostra
1738 954 1928 1017 quidem

164 1041 404 1088 sententia
436 1040 650 1098 solvitur,
679 1041 716 1087 si
751 1041 897 1100 ipsius
932 1041 1137 1087 oratoris
1169 1040 1337 1099 verba,
1380 1053 1504 1099 quae
1536 1039 1586 1085 in
1620 1038 1647 1097 ξ
1680 1039 1929 1084 203—204

163 1119 344 1180 scripta
378 1123 506 1180 sunt,
540 1120 827 1180 respicimus.
892 1120 963 1168 Ibi
991 1121 1115 1168 enim
1140 1119 1214 1167 hic
1242 1123 1486 1167 enumerat
1516 1130 1723 1167 summas
1752 1129 1930 1174 rerum,

162 1212 283 1260 quas
315 1200 362 1246 in
395 1200 802 1259 argumentatione
835 1203 1144 1248 tractaverat.
1181 1199 1297 1248 Cum
1318 1198 1407 1247 hoc
1435 1199 1538 1246 loco
1568 1197 1790 1256 deinceps
1816 1199 1931 1242 sunt

161 1280 511 1341 coniungenda,
557 1293 681 1340 quae
723 1281 991 1340 insequenti
1033 1280 1060 1341 ἓ
1095 1283 1185 1327 205
1226 1279 1392 1326 addita
1426 1281 1550 1326 sunt.
1625 1275 1931 1324 Dubitaverit

160 1358 347 1420 quidem
377 1359 575 1420 aliquis,
620 1373 682 1408 an
715 1373 808 1408 non
844 1374 926 1421 ea,
968 1374 1090 1421 quae
1135 1359 1164 1422 ξ
1202 1362 1448 1408 168-176
1494 1358 1827 1416 continentur,
1868 1354 1930 1402 ad

160 1440 623 1497 argumentationem
653 1440 902 1487 referenda
935 1441 1047 1498 sint,
1083 1441 1212 1499 quod
1235 1440 1338 1498 ipse
1358 1438 1613 1485 Aeschines
1642 1440 1755 1495 post
1787 1436 1933 1483 verba

158 1518 258 1577 „vd
289 1518 348 1565 δὲ
379 1518 596 1566 πλεῖστα
624 1518 741 1579 περὶ
773 1521 872 1565 τῶν
906 1519 1160 1582 δημοσίων
1192 1516 1543 1580 ιπῖὃικημοὲτων(ι
1578 1517 1628 1564 in
1651 1516 1677 1578 ξ
1700 1515 1794 1564 204
1815 1514 1931 1563 nihil

159 1598 327 1658 addat,
360 1597 488 1658 quod
508 1598 570 1646 ad
596 1612 667 1658 ea,
701 1612 823 1658 quae
850 1600 898 1646 in
920 1599 1013 1646 illis
1032 1598 1350 1659 paragraphis
1375 1598 1503 1646 dicta
1521 1601 1649 1655 sunt,
1678 1597 1931 1656 pertineat.

164 1678 285 1726 Nam
320 1678 369 1725 in
400 1678 459 1726 iis
490 1692 587 1726 non
621 1678 821 1738 amplius
856 1678 915 1733 de
948 1679 1146 1738 publicis
1182 1677 1514 1726 Demosthenis
1548 1677 1802 1725 sceleribus
1836 1677 1930 1724 dis-

160 1757 291 1817 serit,
326 1757 421 1819 sed,
456 1771 561 1806 eum
592 1762 789 1818 propter
819 1772 985 1819 genuS,
1021 1758 1181 1818 vitam,
1212 1772 1393 1819 mores,
1425 1757 1615 1805 minime
1647 1757 1928 1818 popularem

158 1837 395 1886 hominem
441 1851 567 1898 esse,
617 1837 930 1887 demonstrat.
1009 1840 1077 1887 Ac
1127 1840 1285 1887 nescio
1336 1853 1398 1887 an
1454 1839 1513 1887 ob
1569 1839 1691 1887 hanc
1740 1851 1929 1886 causam

160 1917 444 1979 Spengelius
489 1920 640 1965 totum
681 1917 837 1966 locum
878 1918 940 1965 ab
976 1919 1391 1978 argumentatione
1436 1919 1657 1979 seiungat
1699 1918 1931 1978 huiusque

158 1995 299 2045 finem
331 1997 381 2045 in
412 1997 439 2059 ᾗ
472 2000 560 2045 167
594 2001 743 2059 ponat
762 1998 817 2058 ¹).
882 1998 976 2046 Sed
1007 1999 1143 2046 nobis
1178 1998 1260 2045 illa
1284 1999 1530 2047 Aeschinis
1563 1998 1709 2047 verba
1739 2012 1835 2046 non
1867 1999 1930 2046 ad

158 2078 319 2126 vivum
359 2077 618 2126 resecanda
665 2078 900 2126 videntur.
982 2078 1118 2136 Quae
1160 2079 1283 2126 enim
1338 2079 1380 2127 is
1434 2079 1593 2137 docet,
1654 2079 1929 2127 adversario

158 2171 344 2205 omnem
386 2158 589 2206 indolem
636 2172 692 2206 ac
740 2163 986 2219 tamquam
1031 2160 1209 2207 semina
1265 2159 1510 2219 popularis
1561 2159 1704 2206 animi
1753 2159 1930 2219 deesse,

158 2237 336 2287 nullam
365 2237 504 2286 aliam
537 2238 632 2287 vim
665 2237 859 2300 habent,
887 2239 978 2287 nisi
1013 2242 1080 2300 ut,
1114 2252 1238 2300 quac
1272 2239 1328 2287 de
1362 2239 1504 2288 rebus
1538 2238 1598 2287 ab
1633 2238 1713 2287 illo
1744 2239 1929 2300 publice

157 2318 307 2378 gestis
340 2318 468 2366 dicta
514 2322 677 2379 erant,
722 2319 1042 2379 probabiliora
1084 2320 1194 2367 sint.
1271 2320 1344 2367 Ad
1379 2320 1548 2367 horum
1591 2321 1741 2379 igitur
1771 2320 1931 2367 firma-

157 2406 366 2448 mentum
398 2398 563 2448 addita
599 2403 728 2449 sunt.
791 2399 1009 2449 Indicant
1040 2400 1166 2448 enim
1212 2414 1406 2461 causaS,
1449 2415 1507 2450 ex
1553 2401 1726 2461 quibus
1760 2401 1928 2449 mirum

157 2492 252 2526 non
299 2480 389 2540 sit,
446 2479 815 2528 Demosthenem
858 2484 958 2528 tam
1008 2480 1130 2528 male
1178 2481 1516 2541 rempublicam
1559 2482 1929 2529 administrasse.

158 2557 296 2616 Quod
336 2558 486 2619 igitur
528 2564 692 2609 orator
733 2560 872 2609 huius
916 2560 1006 2609 loci
1047 2574 1277 2610 summam
1322 2575 1417 2610 non
1451 2562 1745 2610 enumeravit
1776 2561 1823 2608 in
1857 2561 1927 2622 iis·‚

156 2652 282 2699 quae
311 2651 364 2687 se
393 2639 695 2690 confirmasse
727 2641 869 2702 dicit,
913 2656 1008 2689 non
1053 2642 1246 2690 obstare
1282 2638 1495 2702 videtur,
1541 2643 1790 2701 quominus
1823 2656 1929 2690 eum

157 2716 505 2768 confirmationi
558 2720 936 2770 adnumeremus.
1018 2721 1112 2778 Sed
1158 2721 1282 2769 haud
1327 2722 1423 2770 scio
1473 2734 1534 2769 an
1588 2722 1733 2770 etiam
1775 2723 1928 2783 magis

155 2798 344 2860 placeat
359 2798 477 2847 haec
494 2799 564 2847 rei
589 2801 853 2861 explicatio.
919 2801 1076 2859 Quum
1100 2802 1224 2848 enim
1253 2802 1507 2849 Aeschines
1530 2802 1576 2849 in
1602 2802 1628 2863 ἓ
1658 2805 1750 2850 204
1780 2803 1929 2852 dicat:

155 2879 339 2942 »μικρά
370 2882 464 2942 μὲν
494 2880 611 2942 περὶ
643 2884 743 2928 τῶν
778 2881 919 2929 ἰδίων
950 2875 1159 2940 εἷπον“,
1203 2882 1314 2943 quid
1359 2886 1459 2942 est,
1517 2883 1643 2942 quod
1686 2884 1929 2945 impediat,

262 3053 304 3099 1)
334 3050 387 3091 X.
416 3063 511 3103 pag.
540 3054 602 3092 32.
