2063 3494
991 87 1060 139 65

139 254 250 306 an't‘e
280 253 438 304 oculos
458 240 608 313 'ponit
640 256 818 296 omnes·
856 248 1130 296 formidines
1166 247 1296 295 urbis
1332 249 1663 307 expugnatae?
1713 248 1817 306 Qua
1846 249 1908 297 de

139 339 352 387 rerecte
381 333 616 382 iudica-sse
647 329 781 377 nobis
811 328 1003 377 videtur
1045 327 1352 387 SchaeferuS,
1395 329 1476 388 qui
1508 329 1623 376 dicit
1645 330 1710 389 ¹),
1752 331 1905 378 vereri

136 416 442 475 Aeschinem,
484 412 599 474 quid
633 408 846 468 sentiat,
879 411 1042 469 aperte
1074 408 1240 469 eloqui.
1316 408 1415 457 Nec
1461 409 1561 457 sine
1591 409 1726 469 gravi
1760 423 1907 459 causa

139 500 185 548 id
215 498 339 546 fecit.
405 495 541 554 Nam,
574 494 629 540 ut
661 502 759 537 rem
796 488 1113 549 explanemuS,
1149 489 1472 549 AthenienseS,
1507 491 1595 538 etsi
1620 491 1906 540 necessitate

137 578 288 627 coacti
309 578 459 634 erant,
492 571 662 630 omnia,
691 580 817 628 quae
834 568 1052 628 Philippo
1074 572 1123 616 et
1142 569 1411 617 Alexandro
1437 570 1496 617 de
1519 571 1659 618 rebus
1673 571 1904 619 Graeciae

134 645 430 707 commutare
461 656 510 702 et
543 650 828 700 constituere
861 649 1089 709 libuerat,
1139 651 1262 710 pati,
1299 654 1454 698 tamen
1490 652 1751 711 aegerrime
1784 652 1903 701 fere-

136 738 269 785 bant.
333 733 563 793 Quocirca
597 742 882 790 magnopere
904 729 1246 790 providendum
1270 730 1485 779 Aeschini
1509 735 1628 791 erat,
1661 745 1732 792 ne,
1757 746 1899 792 quum

136 822 367 863 terrorem
399 812 630 861 iudicibus
667 811 880 858 incutere
913 811 1157 870 studeret,
1202 812 1494 858 iracundiam
1535 813 1693 871 potius
1737 827 1900 861 eorum

130 895 421 954 incenderet,
457 892 499 940 si
531 891 781 952 audirent,
801 891 1040 939 civitatem
1076 890 1220 938 etiam
1253 890 1310 938 de
1341 892 1441 939 suis
1474 892 1617 940 rebus
1650 893 1711 940 ad
1747 894 1897 954 ipsius

131 976 385 1022 arbitrium
416 973 695 1021 decernendi
728 973 831 1020 iure
862 973 1053 1032 privari.
1119 974 1187 1020 Ac
1218 976 1316 1019 tum
1351 973 1452 1019 fieri
1482 977 1695 1033 poterat,
1745 980 1799 1022 ut
1835 976 1898 1022 ad

129 1056 201 1103 ius
214 1053 438 1101 civitatis
460 1056 509 1100 et
531 1052 799 1100 libertatem
822 1048 1073 1099 tenendam
1094 1052 1276 1099 acriore
1296 1051 1344 1099 hi
1367 1052 1525 1099 studio
1544 1052 1897 1113 Ctesiphontem

130 1132 448 1182 absolverent.
511 1133 619 1180 Nec>
643 1133 797 1180 minus
829 1133 1022 1193 periculi
1056 1132 1277 1179 Aeschini
1309 1133 1398 1193 ipsi
1431 1137 1559 1193 erat,
1602 1146 1661 1180 ne
1696 1135 1898 1182 suadere

128 1214 384 1275 videretur,
416 1217 471 1262 ut
503 1213 671 1262 civitas
705 1226 757 1261 se
790 1217 939 1261 totam
968 1213 1030 1261 ad
1065 1212 1374 1261 Macedonum
1407 1217 1575 1260 nutum
1606 1212 1821 1274 fingeret.

253 1295 372 1343 Tam
405 1295 566 1342 inultis
603 1298 795 1354 tamque
827 1295 970 1341 variis
1003 1294 1066 1341 ad
1098 1293 1479 1353 persuadendum
1515 1294 1777 1342 rationibus
1812 1296 1899 1343 ad-

129 1376 302 1436 hibitis,
333 1374 476 1423 finem
510 1375 694 1423 dicendi
726 1379 886 1422 orator
917 1374 1131 1422 facturus
1167 1388 1273 1421 esse
1307 1373 1515 1434 videtur‘,
1550 1388 1690 1434 quum
1720 1375 1897 1424 iudices

125 1456 422 1516 adhortatu-r,
458 1460 513 1502 ut
546 1454 774 1514 suffragia
805 1454 1010 1501 ferentes
1036 1454 1271 1501 communi
1303 1453 1498 1500 utilitati
1526 1454 1748 1502 serviant.
1802 1456 1896 1503 Sed

126 1542 285 1585 tamen
318 1537 363 1583 in
399 1536 605 1582 animum
641 1536 863 1582 inducere
898 1549 989 1582 non
1023 1539 1237 1594 poterat,
1297 1538 1351 1581 ut
1396 1548 1492 1580 non
1535 1534 1689 1582 denuo
1730 1536 1897 1584 adver—

125 1617 303 1665 sarium
350 1616 568 1664 conviciis
619 1629 675 1663 ac
719 1615 933 1663 ludibriis
983 1615 1302 1662 insectaretur
1346 1613 1392 1675 (ἓ
1427 1616 1695 1671 255—256)
1739 1621 1787 1664 et
1832 1619 1893 1666 ad

127 1702 387 1746 extremum
412 1697 614 1743 maxima
636 1697 682 1743 vi
701 1696 1025 1755 contenderet,
1057 1699 1111 1742 ut
1145 1696 1346 1743 iudicum
1381 1696 1563 1743 animos
1592 1696 1895 1746 vehementer

123 1782 451 1826 commoveret.
534 1777 726 1824 Summa
780 1791 891 1824 vero
948 1781 1188 1824 extremae
1241 1777 1471 1824 orationis
1518 1777 1635 1825 haec
1685 1784 1781 1840 est,
1841 1785 1894 1828 ut

122 1858 347 1905 memoria
379 1858 582 1904 virorum
613 1857 721 1905 olim
756 1856 814 1903 de
848 1856 1087 1917 republica
1133 1857 1309 1916 optime
1347 1857 1644 1918 meritorum,
1689 1872 1892 1919 quorum

120 1938 332 1999 plerique
367 1952 547 1985 summa
592 1951 694 1984 cum
741 1937 883 1984 laude
929 1940 1095 1984 contra
1128 1937 1299 1984 Persas
1331 1938 1673 1998 pugnaverint,
1717 1939 1890 1987 iudices

118 2017 359 2079 prohiberi
386 2021 622 2078 oporteat,
652 2017 899 2078 quominus
925 2017 1304 2077 Demosthenem,
1335 2018 1412 2077 qui
1437 2018 1613 2066 amicus
1635 2018 1888 2068 Persarum

119 2099 198 2157 sit,
232 2106 406 2146 corona
439 2097 650 2145 afficiant
682 2097 729 2159 (ξ
763 2099 1047 2157 2574259).
1119 2097 1184 2144 Et
1221 2111 1397 2157 magna
1430 2112 1531 2146 cum
1566 2100 1802 2158 gravitate
1835 2114 1890 2148 ac

118 2178 472 2238 magnificentia
504 2178 710 2238 quadam
745 2181 909 2224 orator
940 2177 1062 2224 hunc
1097 2177 1249 2224 locum
1283 2178 1352 2224 ita
1388 2179 1674 2239 composuit,
1708 2183 1762 2227 ut
1796 2194 1888 2228 non

118 2258 396 2318 simpliciter
427 2258 532 2306 illos
567 2259 612 2306 in
647 2257 920 2305 memoriam
951 2257 1157 2305 iudicum
1182 2257 1434 2317 redigeret,
1467 2258 1551 2306 sed
1578 2273 1663 2319 per
1682 2258 1887 2320 figuram

114 2338 497 2387 conformationis
517 2342 560 2398 ²)
609 2339 668 2386 ab
717 2337 882 2385 inferis
939 2340 1169 2385 excitaret
1211 2338 1507 2399 fingeretque
1561 2340 1608 2386 in
1662 2347 1887 2400 suggesto

115 2419 428 2468 consistentes
463 2423 512 2466 et
544 2419 880 2479 lamentantes,
925 2418 1070 2467 alium
1109 2423 1326 2467 orantem
1360 2424 1409 2468 et
1442 2420 1789 2481 obsecrantem,
1826 2434 1886 2468 nc

114 2499 447 2553 Demosthenis
485 2500 628 2546 verba
659 2500 808 2566 pluris
842 2499 910 2546 illi
944 2499 1267 2559 aestimarent,
1302 2513 1443 2560 quam
1477 2500 1802 2548 iusiurandum
1827 2515 1883 2547 ac

84 2579 444 2641 ,legessalium
480 2580 805 2640 indignantem
840 2584 890 2627 et
922 2580 1311 2641 interrogantem,
1342 2594 1496 2629 nonne
1529 2582 1751 2641 puderet,
1789 2582 1883 2628 De-

110 2660 429 2718 mosthenem,
473 2675 502 2708 a
537 2661 693 2708 Persis
728 2661 929 2722 pecunia
963 2665 1266 2720 corruptum,
1315 2675 1484 2708 corona
1521 2661 1758 2707 decorare.
1824 2660 1882 2707 ld

109 2741 152 2789 si
185 2746 345 2788 tamen
389 2739 498 2800 fiat,
546 2755 718 2801 magna
762 2755 865 2789 cum
910 2741 1109 2788 audacia
1149 2741 1435 2799 sententiae,
1485 2754 1607 2800 quae
1650 2754 1879 2789 summam

111 2822 255 2871 animi
290 2822 645 2870 commotionem
678 2821 912 2882 declarat,
958 2820 1059 2881 ipse
1089 2820 1246 2881 addit,
1290 2820 1363 2869 vel
1397 2820 1611 2881 sepulcra
1643 2822 1877 2871 maiorum

214 2998 233 3034 ι
284 2996 354 3043 ιιι,
381 2996 452 3035 231
506 2999 589 3035 not.
622 2997 657 3034 1.

208 2997 255 3114 2))
282 3063 410 3115 Quam
438 3026 582 3106 Graeci
610 3065 821 3117 ἠθοποιΐαν
850 3067 921 3104 aut
940 3065 1255 3118 προοωποποιιάν
1285 3068 1441 3105 vocant.
1473 3065 1530 3106 Cf.
1557 3065 1681 3118 Kays.
1711 3079 1751 3117 p.
1784 3067 1874 3108 310.

1597 3162 1622 3201 5
