2063 3494
1004 82 1072 132 29

149 243 334 305 quidem
363 246 558 304 praeter
589 257 746 291 rerum
778 245 1003 294 naturam
1039 255 1094 289 ac
1127 240 1359 287 rationem
1389 239 1584 300 accidit,
1627 245 1682 288 ut
1712 242 1914 292 maiores

151 312 349 373 coronae
384 325 431 372 in
465 324 568 372 loco
601 324 794 372 minoris
828 323 1158 381 auctoritatiS,
1201 321 1408 368 minores
1450 326 1609 368 autem
1644 322 1692 368 in
1728 324 1918 372 maioris

153 405 450 453 auctoritatis
482 405 583 453 loco
624 404 1027 452 renuntiarentur.
1094 401 1186 450 Sed
1212 401 1441 448 eiusmodi
1467 401 1594 448 inter
1616 415 1665 449 se
1689 416 1781 449 non
1812 417 1920 450 con-

101 487 115 492 ”
151 485 390 533 venientia
424 500 567 546 quum
603 485 650 532 in
686 496 876 543 quaque
913 481 1154 542 republica
1185 480 1424 529 interdum
1456 481 1781 543 inveniuntur,
1823 486 1922 531 tum

151 564 282 623 apud
315 563 631 612 Athenienses
664 575 758 610 non
801 563 870 609 ita
904 561 1096 608 insolita
1128 560 1273 607 fuisse
1316 561 1550 608 videntur.
1616 562 1740 619 Quid
1775 563 1924 609 vero?

152 643 320 692 Nonne
366 643 502 692 valde
547 642 718 689 mirum
750 644 848 701 est,
896 639 1261 688 Demosthenem
1307 654 1401 688 non
1444 641 1606 701 potius
1649 642 1739 690 hoc
1783 656 1925 702 argu·

151 728 362 772 mentum
412 724 633 772 Aeschini
683 722 913 782 obiicere,
973 722 1083 781 sed,
1136 722 1398 768 miserrima
1453 722 1677 770 causidici
1733 721 1921 769 fallacia

152 808 384 863 utentem,
417 804 605 861 nulliuS‚
640 803 720 862 qui
753 816 976 851 coronam
1010 802 1228 862 accipiat,
1249 802 1517 862 'quidquam
1550 803 1797 865 interesse,
1829 818 1920 864 quo

152 883 254 931 loco
290 883 509 943 accipiat,
547 882 733 930 dicere?

278 965 379 1013 Iam
414 973 540 1026 ver0,
576 962 960 1025 conquirentibus
986 962 1131 1023 nobis,
1165 975 1286 1022 quae
1307 976 1393 1023 pro
1413 963 1721 1011 Aeschine-et
1754 968 1920 1011 contra

156 1044 520 1093 Demosthenem
543 1057 645 1092 esse
659 1044 923 1103 videantur,
946 1042 1149 1103 primum
1172 1043 1248 1089 vix
1268 1043 1511 1102 probabile
1534 1049 1620 1104 est,
1643 1044 1922 1093 Aeschinem

152 1124 279 1172 hunc
318 1124 475 1172 locum
521 1125 570 1171 in
616 1123 966 1171 accusationem
1001 1126 1298 1181 recepturum
1338 1122 1504 1182 fuisse,
1543 1123 1634 1170 nisi
1666 1124 1707 1170 is
1737 1123 1921 1184 legibus

155 1208 405 1253 contentus
438 1204 619 1253 fuisset.
697 1203 810 1262 Quis
843 1203 967 1251 enim
1001 1208 1166 1263 neget,
1210 1203 1361 1263 magis
1395 1202 1670 1252 conduxisse
1715 1204 1782 1252 illi
1815 1219 1923 1252 eum

153 1289 303 1333 totum
324 1286 555 1345 omittere,
588 1298 728 1344 quam
750 1284 905 1344 potius
924 1283 987 1330 ad
1010 1284 1412 1343 apertissimarum
1442 1297 1598 1332 rerum
1621 1285 1920 1344 turpissimas

154 1364 516 1425 depravationes
550 1355 835 1424 confugere?
909 1364 1074 1411 Nonne
1108 1377 1297 1411 necesse
1330 1368 1457 1423 erat,
1500 1365 1709 1412 iudicum
1742 1366 1922 1414 animos

154 1446 357 1493 maxime
389 1445 686 1492 abalienari?
747 1447 917 1503 Atque,
950 1444 1133 1491 etiamsi
1167 1444 1478 1503 contingeret,
1514 1448 1569 1492 ut
1591 1445 1724 1492 initio
1746 1446 1922 1494 multos

155 1540 213 1573 ex
245 1525 473 1574 iudicibus
504 1525 754 1586 deciperet,
787 1537 941 1572 nonne
959 1524 1001 1571 ei
1031 1524 1286 1571 verendum
1307 1528 1425 1584 erat,
1459 1537 1518 1571 ne
1536 1538 1566 1571 a
1587 1525 1925 1586 Demosthene,

156 1607 273 1654 iuris
308 1620 364 1654 ac
395 1606 554 1665 legum
586 1605 892 1665 peritissimO,
931 1608 1098 1664 postea
1132 1604 1267 1653 facile
1301 1605 1710 1664 redargueretur?
1772 1607 1922 1655 Immo

155 1699 266 1733 vero
310 1699 522 1734 summae
567 1685 641 1733 vel
685 1685 916 1733 stultitiae
958 1686 1031 1732 vel
1072 1684 1282 1731 levitatis
1321 1683 1513 1745 fuisset,
1559 1699 1755 1745 prorsus
1802 1686 1924 1734 falsa

156 1780 391 1827 accusare,
426 1766 592 1827 quibus
611 1767 670 1814 ab
692 1765 966 1813 adversario
985 1764 1216 1823 refutatiS,
1250 1765 1343 1812 vim
1373 1765 1685 1814 accusationis
1710 1767 1923 1815 imminui

157 1860 352 1894 necesse
387 1851 527 1894 esset.
592 1846 648 1893 Id
680 1845 807 1905 quod
830 1844 1109 1905 Spengelius
1145 1858 1329 1905 quoque
1361 1844 1594 1893 intellexit
1617 1847 1671 1907 ¹).
1734 1846 1924 1895 Dixerit
1969 1900 1976 1905 κ

156 1926 346 1987 quidem
376 1926 562 1986 aliquis,
593 1926 866 1974 Aeschinem
889 1929 1073 1986 postea,
1107 1939 1249 1985 quum
1274 1925 1335 1972 ad
1361 1927 1720 1974 examinandam
1747 1928 1920 1976 Demo-

155 2006 335 2055 sthenis
367 2006 650 2065 reipublicae
680 2005 1139 2054 administrationem
1170 2005 1487 2067 descenderit,
1528 2020 1624 2054 non
1654 2007 1795 2055 modo
1830 2022 1922 2069 reS,

156 2100 274 2146 quas
304 2086 439 2133 fictas
470 2099 573 2134 esse
605 2085 903 2133 manifestum
937 2086 1013 2145 sit,
1046 2085 1155 2133 huic
1181 2085 1478 2146 exprobrare,
1514 2087 1596 2134 sed
1629 2088 1773 2134 etiam
1807 2102 1923 2135 non-

155 2166 312 2226 nulla,
358 2179 481 2226 quae
516 2180 545 2213 a
580 2180 631 2214 se
663 2167 766 2225 ipso
801 2170 937 2225 gesta
976 2166 1093 2225 sint,
1139 2166 1253 2213 vitio
1288 2170 1489 2214 vertere.
1556 2167 1648 2214 Sed
1681 2167 1821 2215 huius
1850 2168 1922 2216 rei

156 2246 277 2294 ratio
306 2245 446 2306 plane
479 2245 667 2293 diversa
701 2249 789 2293 est.
854 2245 908 2293 In
943 2245 1024 2293 illa
1054 2245 1179 2294 enim
1210 2249 1349 2306 parte
1382 2246 1612 2294 orationis
1647 2260 1722 2294 res
1755 2251 1920 2308 gestae

157 2332 428 2387 narrantur,
461 2340 583 2387 quae
616 2327 692 2374 vix
718 2330 885 2387 gestae
911 2330 1061 2387 erant,
1092 2339 1238 2386 quum
1264 2325 1462 2375 diversis
1486 2326 1655 2378 studiis
1674 2327 1919 2376 hominum

154 2409 279 2455 inter
311 2421 362 2455 se
393 2408 814 2455 inimicissimorum
847 2408 896 2454 in
924 2407 1189 2454 contrarias
1221 2411 1381 2467 partes
1415 2408 1484 2455 ita
1519 2408 1919 2471 depravabantur,

155 2491 210 2535 ut
242 2502 334 2536 non
369 2490 522 2548 modo,
555 2502 647 2548 qua
673 2488 863 2535 ⁴ratione
897 2490 982 2534 aut
1013 2501 1106 2547 qua
1139 2491 1310 2547 mente,
1340 2489 1425 2536 sed
1460 2502 1517 2535 ne
1550 2502 1579 2536 a
1614 2490 1784 2549 quibus
1817 2491 1922 2550 qui-

157 2568 262 2616 dem
301 2573 483 2628 gestae·
506 2572 689 2625 essent,
739 2581 880 2628 saepe
922 2568 1123 2628 perspici
1166 2572 1343 2628 posset.
1419 2570 1484 2616 At
1528 2569 1603 2618 hic
1649 2571 1812 2630 agitur
1857 2571 1916 2618 de

264 2809 306 2860 1)
346 2808 394 2848 In
434 2820 484 2848 ea
520 2808 783 2860 quaestione,
834 2819 953 2859 quam
990 2819 1116 2859 supra
1153 2809 1572 2862 commemoravimus,
1617 2821 1710 2860 pag.
1752 2811 1921 2858 60—61.

158 2871 348 2913 Ceterum
385 2886 466 2913 non
503 2873 712 2923 Spengelii
751 2873 995 2914 auctoritate
1034 2880 1257 2914 commotus
1299 2887 1406 2924 sum,
1451 2880 1496 2914 ut
1533 2874 1638 2915 hanc
1677 2876 1924 2916 sententiam

159 2937 428 2989 amplexarer,
458 2937 533 2978 sed
561 2939 651 2988 ipse
681 2942 723 2976 et
750 2938 792 2977 in
816 2939 921 2977 hanc
950 2943 991 2977 et
1018 2938 1060 2977 in
1089 2939 1216 2990 illam,
1250 2951 1369 2990 quam
1396 2939 1501 2978 infra
1532 2938 1582 2978 de
1609 2939 1924 2990 interpretanda

157 2999 431 3053 Dionysiacae
456 3002 559 3053 legis
580 3003 823 3053 exceptione
853 3003 1077 3055 explicabo,
1107 3004 1189 3045 iam
1213 3015 1415 3055 veneram,
1440 3009 1660 3054 antequam
1691 3005 1742 3046 de
1770 3006 1849 3047 hac
1877 3018 1924 3047 re

155 3064 207 3106 ab
234 3065 307 3107 illo
338 3067 590 3119 disputatum
618 3078 709 3109 esse
736 3067 804 3108 vel
832 3067 1015 3119 cognovi.
