2063 3494
989 125 1059 175 62

806 201 880 208 ——-

143 292 293 350 Quam
328 286 573 338 contendit
605 285 937 345 elaboratque,
973 287 1028 333 ut
1058 283 1409 344 adversarium,
1442 297 1535 344 quo
1565 283 1679 333 nihil
1710 283 1801 345 ipsi
1836 286 1911 332 est

143 371 367 430 odiosiuS,
395 367 694 429 prosternat!
742 365 892 423 Quam
934 365 1109 413 multas
1146 378 1202 412 ac
1244 365 1402 411 varias
1444 365 1655 412 rationes
1699 363 1912 421 adhibet,

143 464 266 513 quae
296 447 561 510 praesidia,
603 448 661 494 ut
691 457 881 494 causam
911 444 1145 502 obtineat,
1189 437 1446 505 'conquiritl
1509 443 1661 503 Quam
1695 443 1914 493 celeriter

145 530 359 590 singulos
388 528 517 576 locos
550 526 689 573 modo
733 525 926 584 arripit,
975 524 1115 572 modo
1156 537 1322 571 rursus
1364 522 1581 583 deponit,
1623 537 1764 584 quam
1817 537 1913 571 non

145 624 255 658 raro
287 608 421 668 alios,
454 607 537 667 qui
565 606 660 654 iam
692 604 867 666 prolati
900 607 1060 664 erant,
1092 604 1283 664 paulum
1314 606 1525 651 mutatos
1559 603 1756 663 repezitl

273 687 390 748 Sed,
439 690 493 735 ut
532 698 784 746 pergamus
826 684 1047 744 persequi
1092 682 1302 744 singula,
1355 686 1519 730 orator
1564 696 1733 743 porr0,
1788 681 1916 744 quod

149 769 407 829 Ctesiphon
443 767 501 814 de
534 764 866 813 Demosthenis
908 764 1090 830 meritis
1125 764 1493 824 praedicaverit,
1541 764 1813 812 summatim
1843 776 1918 810 re·

147 849 274 898 futat
308 848 355 909 (ξ
387 846 514 908 236).
579 844 714 903 Quod
747 843 900 892 fossas
934 843 1009 891 hic
1041 843 1160 891 bene
1193 842 1389 905 foderit,
1424 858 1517 892 non
1546 857 1650 893 esse
1681 843 1916 892 meritum·

148 944 260 978 nam
288 927 445 975 multo
479 926 631 985 magis
665 924 822 972 valere
856 923 1059 970 eiusdem
1092 923 1303 984 culpam,
1346 937 1439 985 qua
1472 923 1629 985 operis
1662 924 1921 972 necessitas

151 1010 323 1058 effecta
356 1008 434 1055 sit.
481 1006 585 1063 Qua
609 1004 855 1052 occasione
875 1003 1005 1063 data,
1039 1017 1209 1050 novum
1237 1003 1402 1062 scelus,
1434 1004 1563 1063 quod
1587 1005 1627 1051 is
1651 1003 1923 1051 evertendis

151 1088 475 1149 sepulcrorum
497 1084 814 1133 monumentis
836 1083 1097 1142 admiserit,
1130 1083 1339 1130 breviter
1373 1083 1576 1142 quidem,
1609 1084 1693 1131 sed
1718 1083 1923 1131 acerbis-

152 1169 294 1227 sime,
327 1165 627 1227 perstringit.
691 1163 825 1221 Quod
859 1167 1019 1209 autem
1056 1162 1312 1223 Ctesiphon
1347 1163 1496 1224 dicat,
1541 1163 1740 1224 probum
1775 1166 1920 1224 atque

151 1250 404 1297 honestum
438 1246 593 1292 virum
625 1243 994 1291 Demosthenem
1026 1256 1129 1291 esse
1170 1247 1220 1291 et
1252 1243 1460 1292 civitatis
1507 1244 1704 1291 utilitati
1736 1244 1924 1292 assidue

153 1327 424 1385 consulere,
459 1325 601 1372 rebus
634 1324 694 1371 ab
727 1323 818 1370 hoc
849 1323 950 1383 ipso
991 1323 1139 1382 gestis
1180 1336 1463 1383 repugnare.
1546 1324 1621 1371 Ad
1665 1324 1786 1371 hanc
1823 1338 1923 1372 rem

155 1406 526 1455 confirmandam
562 1416 745 1462 causaS‚
779 1416 836 1449 ex
868 1403 1039 1462 quibus
1068 1416 1171 1449 cum
1195 1402 1432 1450 Thebanis
1451 1403 1614 1451 foedus
1636 1404 1922 1464 convenerit,

155 1488 344 1548 repetit·
396 1484 521 1545 quod
554 1497 649 1531 non
681 1482 1011 1531 Demosthenis
1046 1483 1272 1544 orationi,
1324 1483 1407 1531 sed
1449 1484 1738 1544 temporibus
1778 1488 1925 1544 atque

155 1565 517 1615 Atheniensium
569 1564 726 1610 famae
781 1562 1083 1609 tribuendum
1134 1576 1238 1610 esse
1290 1563 1498 1611 ostendit
1555 1563 1602 1625 (ξ
1643 1564 1925 1625 237-240).

160 1646 293 1706 Quod
336 1653 389 1694 ut
435 1658 490 1692 eo
531 1643 824 1704 probabilius
867 1644 957 1702 sit,
1003 1643 1261 1703 exemplum
1302 1643 1444 1691 affert
1484 1645 1613 1704 regis
1656 1645 1927 1705 Persarum,

160 1740 328 1788 quem,
363 1738 506 1786 quum
537 1723 585 1770 in
620 1723 876 1771 securitate
907 1723 1107 1783 viveret,
1157 1722 1523 1773 Atheniensibus
1553 1726 1776 1785 pecunias
1806 1725 1931 1774 inso-

159 1809 316 1856 lenter
349 1817 568 1865 negasse,
602 1817 745 1863 quum
778 1817 891 1850 vero
926 1804 975 1851 in
1003 1803 1211 1864 periculo
1230 1809 1514 1865 versaretur,
1547 1806 1671 1853 ultro
1702 1806 1930 1854 obtulisse

163 1888 216 1951 (ᾖ
236 1882 526 1945 238-239).
593 1883 820 1932 Similiter
840 1885 1055 1932 evenisse
1075 1883 1330 1933 Thebanis
1396 1885 1594 1946 Insuper
1625 1886 1698 1934 vel
1732 1886 1932 1947 culpam,

162 1967 290 2028 quod
322 1979 401 2013 res
435 1978 528 2012 non
561 1964 856 2023 successerit,
891 1964 939 2010 in
959 1963 1277 2013 Demosthene
1309 1977 1425 2024 esse,
1457 1979 1598 2025 quum
1630 1979 1688 2014 ex
1719 1967 1932 2027 pecuniis

162 2062 193 2097 a
228 2061 342 2107 rege
375 2045 632 2093 Persarum
678 2044 884 2104 acceptis
931 2044 1048 2092 nihil
1091 2044 1294 2104 largitus
1336 2046 1412 2093 sit.
1491 2046 1654 2106 Neque
1686 2060 1798 2095 vero
1832 2047 1933 2095 sine

163 2140 309 2176 causa
341 2124 598 2173 Aeschines
630 2124 691 2171 ad
726 2123 1061 2171 Thebanorum
1101 2124 1268 2172 foedus
1310 2138 1361 2172 se
1403 2130 1598 2174 revocat
1642 2126 1933 2188 multumque

164 2221 339 2268 operae
374 2206 484 2265 dat,
521 2208 604 2265 ut,
648 2203 764 2251 nihil
796 2204 844 2251 in
879 2217 937 2251 ea
971 2218 1022 2252 re
1054 2204 1423 2253 Demosthenem
1455 2206 1512 2254 de
1543 2203 1783 2267 republica
1815 2208 1936 2257 bene

164 2287 388 2336 meritum
428 2298 558 2345 esse,
601 2284 786 2344 probet.
863 2283 983 2331 Nam
1029 2284 1153 2332 illius
1185 2284 1413 2334 confectio
1447 2287 1653 2335 omnium
1684 2301 1842 2337 rerum
1875 2289 1936 2337 ab

164 2368 253 2416 hoc
286 2366 470 2428 publice
502 2369 744 2425 gestarum
787 2364 887 2412 sine
925 2364 1066 2413 dubio
1098 2369 1204 2413 erat
1238 2365 1513 2415 clarissima.
1587 2368 1759 2430 Itaque
1793 2370 1937 2418 etiam

167 2448 472 2508 Spengelius,
508 2446 590 2504 qui
619 2446 669 2492 in
701 2445 939 2505 plerisque
971 2445 1031 2492 ab
1063 2446 1293 2493 Aeschine
1322 2451 1425 2506 est,
1467 2462 1560 2494 non
1594 2453 1778 2509 potest,
1822 2451 1937 2511 quin

167 2526 479 2586 concedat¹),
517 2525 610 2573 etsi
650 2523 816 2572 foedus
861 2524 1078 2573 effectum
1123 2526 1187 2573 sit
1235 2526 1348 2587 „dui
1386 2527 1475 2575 τὸν
1516 2529 1699 2590 καιρὸν,
1734 2530 1819 2578 διά
1850 2531 1941 2579 τὸν

168 2606 332 2670 φόβον
374 2603 685 2664 περιστάντα
726 2604 907 2659 αὐτούς
949 2605 1066 2664 (scil.
1101 2605 1395 2667 Thebanos),
1450 2608 1536 2655 διοὲ
1567 2608 1658 2672 τήν
1695 2609 1940 2672 ὑμετέραν

167 2686 378 2744 δόξανκ,
413 2686 516 2733 sine
550 2684 889 2732 Demosthenis
924 2688 1083 2731 tamen
1113 2685 1344 2745 singulari
1375 2687 1607 2736 industria
1638 2689 1754 2738 haec
1785 2692 1941 2742 omnia

167 2780 292 2815 vana
317 2770 461 2827 atque
490 2766 628 2814 irrita
647 2765 810 2814 futura
832 2763 991 2825 fuisse,
1021 2779 1134 2825 ergo
1157 2766 1301 2814 etiam
1326 2767 1445 2827 „dui
1480 2769 1570 2824 τοὶς
1591 2775 1946 2833 Δημοσθένους

170 2847 500 2910 δημηγοριάς“
536 2846 653 2894 illud
687 2845 989 2906 convenisse,
1025 2852 1073 2895 et
1104 2851 1255 2896 totam
1289 2849 1460 2910 agendi
1505 2852 1762 2913 rationem,
1802 2867 1940 2913 quam

280 3074 321 3120 l)
351 3072 442 3121 Pag.
474 3072 642 3111 72—73.
