2063 3494
991 178 1057 228 18

126 340 182 384 ut
227 335 485 396 dialectici,
529 335 636 397 sed,
681 341 737 385 ut
769 341 985 387 oratores
1029 338 1198 401 solent,
1237 339 1391 387 finxit.
1470 339 1594 389 Sunt
1638 346 1762 388 enim
1808 346 1899 388 uuo

125 417 482 482 enthymemata
525 420 576 464 et
616 431 763 465 unum
812 418 1119 480 epichirema,
1170 434 1294 480 quae
1339 424 1525 468 vocant.
1600 420 1900 482 Epichirema

124 501 287 546 autem
332 511 387 545 eo
433 497 623 545 omnino
666 511 695 544 a
740 497 1013 559 syllogismo
1058 499 1447 561 philosophorum
1493 500 1730 562 differt1),
1772 499 1899 562 quod

123 579 200 626 hic
235 578 469 626 extribus
501 577 720 637 partibus
755 577 829 625 vel
863 581 1114 627 sententiis
1140 583 1349 639 constat,
1384 592 1509 639 quae
1541 584 1721 628 certain
1751 593 1901 641 quan-

125 660 234 705 dam
268 658 470 705 somnam
502 657 683 705 habent
716 662 764 705 et
793 663 924 705 certo
958 660 1167 719 quodam
1202 659 1365 707 ordine
1398 660 1525 706 inter
1559 673 1610 707 se
1641 660 1898 720 excipiunt,

123 739 242 786 illud
276 738 469 786 liberior
499 738 691 798 quidam
726 738 1031 787 concludendi
1062 740 1231 788 modus
1275 744 1374 799 est,
1418 753 1560 801 quum
1605 752 1703 787 non
1746 738 1900 787 solum

124 820 171 866 in
206 819 423 879 partibus
464 818 539 865 vel
571 818 796 865 membris
829 818 1117 866 collocandis
1149 820 1279 866 vario
1311 819 1474 867 ordine
1507 819 1591 878 uti,
1634 819 1720 866 sed
1757 818 1900 866 etiam

120 899 435 960 propositioni
468 901 517 945 et
551 898 866 957 assumptioni
891 898 1281 958 approbationem
1309 898 1483 946 addere
1516 898 1670 946 liceat.
1735 897 1902 946 Varie-

123 985 271 1027 tatem
306 979 483 1026 ordinis
524 978 668 1025 etiam
708 977 890 1025 somnae
934 979 1142 1027 varietas
1190 978 1415 1039 sequitur.
1482 979 1635 1037 Quum
1677 979 1725 1026 in
1758 977 1901 1040 syllo-

121 1061 274 1120 gismo
335 1059 548 1107 membra
609 1058 954 1118 simplicissima
1012 1058 1167 1119 ,forma
1224 1058 1495 1107 affirmandi
1553 1063 1637 1108 aut
1696 1058 1901 1120 negandi

125 1141 355 1189 distincta
388 1154 444 1187 ac
487 1139 691 1187 dilucida
724 1140 846 1198 sint,
891 1139 940 1186 in
973 1139 1310 1199 epichiremate
1342 1154 1435 1188 non
1471 1141 1541 1188 ita
1576 1143 1769 1200 patent,
1816 1139 1899 1188 sed

123 1235 266 1282 saepe
302 1235 360 1268 ex
392 1219 559 1267 formis
596 1219 948 1278 interrogandi,
994 1219 1311 1280 exclamandi,
1355 1219 1575 1281 optandi,
1621 1220 1752 1268 haud
1785 1234 1899 1268 raro

122 1302 266 1349 etiam
299 1314 356 1347 ex
402 1300 615 1359 longiore
661 1299 734 1345 vel
779 1299 992 1346 breviore
1038 1300 1383 1347 sententiarum
1429 1300 1752 1348 coniunctione
1787 1306 1899 1349 sunt

123 1381 345 1429 eruenda.
412 1379 729 1440 Enthymema
764 1383 922 1427 autem
954 1378 1262 1428 concludendi
1294 1381 1419 1428 ratio
1452 1384 1526 1428 est
1567 1394 1660 1429 non
1693 1381 1899 1441 integra,

122 1462 206 1510 sed
240 1463 290 1509 in
322 1461 515 1508 brevius
551 1464 825 1519 contracta,
867 1460 943 1507 cui
987 1473 1173 1520 semper
1206 1474 1351 1507 unum
1395 1474 1453 1508 ex
1485 1461 1636 1509 tribus
1678 1461 1900 1509 membris

122 1543 259 1591 desit.
326 1542 551 1590 Ceterum
584 1540 750 1588 eadem
783 1540 1021 1600 libertate,
1058 1554 1151 1600 qua
1181 1539 1480 1601 epichirema,
1513 1539 1691 1589 fruitur
1707 1539 1772 1603 ²).

248 1622 342 1681 Ac,
385 1620 800 1668 considerantibus
843 1620 978 1666 nobis
1013 1620 1145 1679 prius
1178 1620 1480 1680 enthymema
1500 1620 1567 1680 ³),
1611 1621 1738 1680 quod
1770 1621 1900 1680 prin-

123 1702 298 1762 cipium
346 1701 497 1747 totius
539 1700 967 1757 argumentationis
1012 1703 1109 1758 est,
1157 1704 1346 1747 constat
1385 1700 1434 1747 id
1476 1714 1533 1747 ex
1577 1701 1899 1760 propositione

125 1790 174 1831 et
219 1781 568 1841 assumptione,
620 1780 856 1828 conclusio
901 1784 1063 1827 autem
1106 1779 1252 1828 deest.
1328 1779 1592 1840 Propositio
1636 1783 1712 1828 est
1756 1779 1898 1830 haec:

126 1864 346 1922 »OmneS,
376 1861 459 1921 qui
492 1859 728 1919 suffragiis
763 1859 927 1920 populi
956 1859 1102 1906 creati
1136 1859 1293 1919 aliquo
1325 1873 1519 1907 munere
1542 1860 1815 1921 funguntur,
1848 1866 1899 1908 et

122 1946 170 2004 ii,
202 1943 284 2004 qui
306 1942 528 2002 operibus
556 1940 759 2000 publicis
776 1939 1006 1999 praefecti
1033 1943 1160 1999 sunt,
1193 1944 1242 1987 et
1262 1940 1309 2000 ii,
1340 1941 1422 2000 qui
1444 1942 1665 2000 pecunias
1686 1941 1899 2001 publicas

123 2025 232 2085 plus
264 2022 403 2071 XXX
435 2022 535 2070 dies
569 2021 920 2081 administrant,
954 2025 1004 2068 et
1040 2020 1088 2081 ii,
1123 2020 1206 2081 qui
1242 2020 1416 2069 iudicia
1447 2026 1689 2082 exercent,
1718 2022 1765 2070 in
1799 2036 1902 2070 ma—

123 2106 413 2166 gistratuum
450 2115 646 2150 numero
680 2104 793 2149 sunt
826 2100 1056 2162 habendi,
1106 2105 1155 2148 et
1196 2105 1450 2161 propterea
1491 2102 1702 2150 rationes
1734 2103 1792 2150 iis
1825 2116 1900 2150 re-

122 2186 346 2234 ferendae
376 2189 535 2232 sunt«.
610 2183 886 2242 Assumptio
930 2186 1115 2242 autem,
1155 2197 1242 2242 per
1281 2183 1712 2244 interpositionem,
1755 2197 1899 2244 quam

121 2269 317 2327 vocant,
360 2265 429 2313 illi
460 2263 658 2323 iniecta,
702 2262 819 2311 haec
862 2265 959 2311 est:
1015 2262 1190 2323 »Atqui
1236 2262 1582 2312 Demosthenes
1624 2263 1898 2323 praefectus

122 2347 252 2407 operi
297 2344 487 2406 publico
527 2348 634 2391 erat
679 2347 728 2390 et
767 2343 1059 2403 (propterea)
1099 2343 1278 2390 iudicia
1315 2343 1563 2391 exercendi
1610 2348 1898 2403 potestatem

122 2427 376 2474 habebat«.
445 2425 541 2472 Sed
585 2424 686 2472 sola
717 2424 850 2483 prior
879 2437 992 2483 pars
1026 2423 1363 2483 assumptionis
1408 2423 1598 2471 disertis
1632 2424 1788 2472 verbis
1822 2438 1899 2471 ex·

122 2519 292 2568 pressa
321 2508 420 2562 est,
463 2503 588 2565 quod
621 2503 813 2563 quidem
856 2503 976 2551 satis
1009 2506 1139 2563 erat,
1185 2502 1417 2563 simulque
1453 2502 1570 2550 haec
1614 2502 1898 2563 approbatio

123 2587 377 2635 adiuncta:
427 2584 578 2631 »Nam
612 2584 669 2630 D.
709 2587 900 2631 curator
942 2583 1092 2631 muris
1136 2581 1400 2630 reficiendis
1440 2587 1589 2631 erat«.
1655 2583 1899 2633 Posterior

122 2681 235 2729 pars
282 2665 419 2713 facile
461 2665 551 2711 hoc
590 2677 715 2711 novo
761 2664 1115 2724 enthymemate
1160 2663 1384 2711 efficitur:
1437 2664 1518 2725 »1i,
1559 2664 1641 2725 qui
1675 2665 1897 2725 operibus

122 2748 323 2810 publicis
367 2743 595 2806 praefecti
638 2747 776 2805 sunt,
823 2743 1190 2792 exercendorum
1234 2743 1510 2792 iudiciorum
1555 2745 1630 2792 ius
1675 2744 1896 2794 habent«.

233 2911 275 2960 1)
305 2909 355 2950 cf.
386 2908 468 2948 Cic.
498 2907 548 2947 de
576 2907 655 2947 inv.
687 2907 716 2957 1,
746 2906 797 2947 34
825 2917 934 2957 sqq.,
975 2903 1166 2954 Quinctil.
1195 2905 1244 2957 V,
1285 2907 1346 2952 10,
1383 2907 1407 2944 2
1436 2916 1547 2957 sqq.,
1586 2905 1638 2952 V,
1670 2906 1729 2957 14,
1757 2904 1781 2944 5
1809 2916 1896 2958 sqq.

127 2981 348 3027 praeterea
367 2973 586 3013 Ebhardtii
613 2972 814 3013 libellum:
859 2972 967 3021 ‚Der
994 2971 1249 3011 rhetorische
1273 2970 1443 3010 Schluss
1473 2969 1556 3009 und
1582 2969 1697 3009 seine
1723 2969 1898 3011 Anwen-

127 3042 235 3091 dung
263 3040 305 3080 in
333 3038 413 3079 den
441 3037 649 3078 Schriften
690 3035 763 3077 der
799 3035 1004 3076 Griechen
1037 3035 1119 3076 und
1144 3035 1318 3076 Remer‘
1358 3034 1601 3085 inscriptum
1640 3040 1680 3073 et
1722 3034 1764 3075 in
1802 3047 1897 3087 pro-

123 3109 349 3156 grammate
375 3103 575 3154 gymnasii
603 3102 932 3152 Weilburgensis
961 3113 997 3141 a.
1030 3101 1130 3141 1866
1159 3100 1327 3141 editum.

232 3171 277 3220 2)
303 3167 353 3209 cf.
379 3166 537 3216 Quinct.
569 3167 617 3219 V,
649 3167 710 3215 14,
743 3166 854 3206 1-4.
887 3170 928 3206 et
955 3164 1176 3206 Ebhardtii
1202 3166 1398 3206 libellum.
1460 3166 1501 3214 3)
1532 3164 1580 3216 §S
1611 3162 1778 3205 13—16.
