2063 3494
1005 178 1071 231 27

154 354 247 390 non
291 353 537 401 curamuS,
579 344 633 390 ut
677 340 879 402 exempli
924 354 1086 400 causa,
1144 339 1372 400 supplicio
1416 341 1621 389 maximo
1663 344 1916 405 propositO,

156 422 197 470 si
230 421 336 482 quis
367 422 564 481 pecunia
596 422 746 471 alium·
775 422 1044 482 corrupisse
1086 420 1324 469 convictus
1359 420 1444 482 sit,
1489 435 1594 482 eOS,
1638 423 1718 483 qui
1762 424 1918 484 palam

152 503 201 551 id
234 501 427 562 faciunt,
458 503 770 564 imperatores
803 502 1111 561 deligamus«.
1278 504 1280 506 ’

280 581 398 631 Tum
441 583 558 644 ipsis
601 582 756 630 verbis
799 581 1111 642 Dionysiacae
1155 581 1297 641 legiS,
1342 587 1572 642 quantum
1626 584 1816 644 quidem
1861 598 1919 632 ex

153 663 399 715 Aeschinis
432 662 745 723 explicatione
768 662 1035 722 perspicere
1058 662 1181 721 licet,
1216 676 1416 711 coronae
1435 668 1626 712 exterae
1646 665 1919 712 nominatae

152 756 245 791 non
289 757 417 803 esse,
458 741 566 803 sed,
606 754 729 803 quae
772 740 830 791 de
865 740 943 790 his
977 741 1107 790 illam
1143 741 1302 791 iubere
1345 743 1601 793 Aeschines
1636 744 1771 805 dicit,
1809 758 1920 794 con-

150 823 282 871 clusa
316 824 376 871 ab
411 837 467 871 eo
512 837 571 870 ex
612 822 770 870 verbis
801 823 1064 882 generatim
1106 827 1252 884 atque
1297 821 1516 873 universe
1559 825 1916 874 definientibus:

151 904 295 966 »μηδ’
326 903 414 951 ὑπ’
445 901 598 951 ἄλλου
628 901 867 966 μηδενόςκ
903 903 950 965 (ἓ
984 908 1046 952 44
1078 908 1128 952 et
1168 904 1249 965 45)
1294 905 1534 953 videntur.
1605 906 1754 967 Atqui
1796 906 1919 955 idem

152 983 211 1032 de
246 983 422 1032 exteris
458 984 644 1044 coronis
684 988 783 1031 tam
818 983 970 1031 multa
1013 984 1158 1032 verba
1197 983 1310 1031 fecit
1353 988 1405 1032 et
1436 999 1615 1033 morem
1648 986 1695 1033 in
1729 986 1918 1035 theatro

151 1077 232 1112 eas
271 1063 573 1111 renuntiandi
605 1063 723 1111 adeo
755 1064 1041 1124 improbavit
1074 1068 1144 1125 et,
1181 1065 1384 1112 maxime
1414 1069 1611 1125 propter
1645 1065 1733 1114 has
1764 1067 1915 1127 legem

151 1144 312 1192 datam
345 1157 470 1204 esse,
505 1148 605 1192 tam
638 1148 804 1205 aperte
836 1144 1112 1205 affirmavit,
1158 1149 1213 1192 ut
1246 1145 1407 1192 mirari
1437 1145 1599 1206 liceat,
1639 1160 1723 1194 cur
1751 1161 1916 1195 earum

147 1224 288 1286 plana
321 1238 377 1273 ac
423 1224 617 1273 definita
661 1224 861 1284 mentio,
914 1238 1009 1271 non
1045 1224 1197 1272 dicam
1238 1224 1387 1284 primo
1427 1224 1549 1285 loc0,
1600 1226 1683 1274 sed
1728 1228 1916 1275 omnino

149 1318 386 1366 nusquam
421 1306 468 1354 in
502 1305 608 1366 lege
638 1305 766 1353 facta
796 1306 872 1353 sit.
940 1306 1145 1365 Accedit,
1176 1306 1301 1366 quod
1337 1310 1500 1353 orator
1531 1306 1711 1354 verbis:
1749 1311 1831 1355 »τί
1858 1308 1916 1354 τὸ

146 1385 574 1446 καταλειπόμενόν
607 1387 714 1433 ἐστι
744 1390 863 1433 etc.«
900 1385 1003 1447 [fin.
1041 1386 1066 1447 ξ
1100 1386 1185 1446 45)
1222 1386 1470 1444 significat,
1506 1386 1622 1433 nihil
1655 1390 1783 1437 aliud
1818 1404 1917 1438 am-

144 1465 281 1526 plius,
315 1480 455 1526 quam
488 1466 615 1526 ipsas
647 1471 835 1514 exteras
868 1479 1081 1525 coronas,
1115 1466 1164 1513 in
1198 1466 1280 1513 illa
1305 1465 1608 1514 referendum
1636 1480 1756 1527 esse,
1792 1480 1914 1526 quae

146 1545 304 1594 verbis
351 1546 465 1592 »ὑπ’
510 1544 662 1593 ἄλλου
703 1545 943 1607 μηδενός«
987 1559 1212 1606 expressa
1262 1546 1371 1593 sint.
1459 1546 1579 1593 Nam
1623 1560 1715 1593 non
1758 1547 1915 1594 minus

151 1626 320 1673 mirum
345 1630 432 1685 est,
465 1639 546 1673 cur
566 1640 654 1686 pro
671 1625 745 1672 his
762 1640 855 1673 non
880 1626 1041 1686 potius
1064 1626 1208 1672 verba
1242 1625 1357 1671 »ὑπ’
1382 1626 1642 1686 ἀλλοτρίας
1672 1626 1916 1688 μηδεμιᾶς

148 1705 365 1760 πόλεως<<
400 1707 663 1766 perscripta
698 1706 890 1754 fuerint.
957 1706 1099 1754 Cuius
1133 1706 1202 1753 rei
1236 1704 1491 1754 difficultas
1523 1706 1627 1753 tolli
1660 1707 1832 1766 possit,
1872 1706 1912 1754 si

146 1790 432 1847 statuamuS,
465 1800 557 1848 quo
592 1789 807 1846 tempore
841 1785 917 1833 lex
952 1785 1236 1846 Dionysiaca
1270 1785 1385 1833 data
1418 1786 1502 1846 sit,
1536 1786 1912 1834 renuntiationes

145 1873 411 1917 exterarum
461 1881 741 1916 coronarum
791 1868 980 1915 omnino
1027 1868 1294 1915 rarissimas
1343 1867 1517 1927 fuisse,
1566 1868 1635 1914 ita
1682 1872 1736 1915 ut
1783 1866 1911 1914 haud

146 1962 347 2009 magnae
380 1947 625 1996 offensioni
672 1951 856 2007 essent,
900 1961 1063 1995 verum
1108 1947 1190 1995 illa
1236 1947 1330 1995 alia
1374 1947 1676 1996 renuntiandi
1720 1960 1909 2008 genera,

146 2042 347 2089 quorum
380 2028 457 2075 lex
487 2029 771 2076 mentionem
795 2027 922 2088 facit,
952 2027 1348 2088 frequentissima,
1381 2028 1451 2075 ita
1481 2031 1537 2075 ut
1567 2034 1762 2088 propter
1794 2027 1913 2076 haec

145 2110 251 2171 ipsa
284 2109 358 2158 lex
393 2109 777 2157 constitueretur.
844 2109 1019 2157 Postea
1054 2113 1213 2156 autem
1242 2108 1448 2157 fortasse
1473 2113 1747 2157 exterarum
1781 2122 1914 2157 coro·

146 2203 317 2238 narum
366 2189 770 2250 renuntiationeS,
820 2190 1005 2237 etiamsi
1038 2189 1203 2249 populi
1255 2190 1510 2250 permissu,
1561 2189 1911 2249 frequentiores

144 2269 348 2331 fiebant,
394 2284 539 2330 quum
586 2274 746 2318 cetera
791 2270 1099 2318 renuntiandi
1131 2274 1344 2330 potestas
1388 2271 1542 2317 rarius
1588 2269 1690 2317 fieri
1722 2270 1909 2317 soleret.

144 2350 312 2411 Itaque
341 2353 540 2411 propter
572 2356 762 2398 exteras
793 2364 988 2398 coronas
1015 2350 1312 2410 potissimum
1344 2349 1418 2397 lex
1449 2350 1564 2397 data
1594 2363 1700 2398 esse
1722 2353 1914 2410 poterat

144 2435 312 2491 postea
344 2431 508 2479 videri.
586 2431 654 2478 Ac
687 2431 915 2490 fortasse,
950 2435 1006 2478 ut
1033 2430 1321 2490 probabilior
1355 2444 1440 2478 sua
1473 2431 1734 2490 disputatio
1769 2434 1909 2489 esset,

142 2511 399 2562 Aeschines
433 2512 534 2561 eius
569 2512 796 2573 originem
829 2525 886 2560 ac
918 2513 1011 2560 vim
1044 2512 1106 2559 ad
1137 2510 1523 2559 consuetudinem
1556 2510 1754 2571 civilem,
1790 2525 1910 2572 quae

149 2596 252 2639 tum
286 2596 415 2653 erat,
461 2594 711 2640 revocavit.
789 2592 1084 2652 Quamquam
1117 2592 1246 2639 haud
1282 2593 1577 2651 ignoramus,
1620 2593 1763 2639 huius
1803 2606 1912 2640 con-

145 2672 357 2721 iecturae
388 2672 770 2734 probabilitatem
814 2687 907 2721 non
941 2676 1042 2720 tam
1076 2686 1297 2733 magnam
1329 2686 1456 2733 esse,
1500 2676 1556 2721 ut
1589 2672 1704 2721 nihil
1735 2672 1911 2721 habeat

146 2750 471 2801 dubitationis.

271 2833 454 2891 Quarta
486 2848 642 2894 causa,
674 2847 756 2882 cur
778 2833 1023 2882 Aeschinis
1046 2834 1534 2894 interpretatiofalsa
1567 2833 1714 2881 videri
1744 2833 1909 2893 possit,

144 2916 230 2974 est,
261 2915 404 2977 quod,
435 2919 489 2964 ut
521 2919 854 2974 argumentum
884 2914 1053 2963 afferat
1085 2914 1159 2975 iis,
1192 2928 1314 2976 quae
1346 2914 1403 2962 de
1434 2914 1614 2975 origine
1649 2927 1705 2962 ac
1733 2917 1913 2962 natura

147 2992 459 3056 Dionysiacae
478 2996 597 3056 legis
621 3001 922 3057 exposuerat,
956 2997 1004 3044 in
1028 3009 1083 3044 ea
1115 2997 1345 3056 scriptum
1369 3009 1473 3044 esse
1499 2995 1626 3054 dicit,
1664 2998 1718 3043 ut
1739 3009 1914 3044 corona

146 3072 196 3120 in
229 3075 416 3125 theatro
460 3077 733 3125 renuntiata
772 3078 840 3137 ei,
884 3077 966 3137 qui
1000 3077 1282 3137 accepisset,
1325 3089 1487 3124 rursus
1532 3075 1820 3125 adimeretur
1865 3080 1914 3124 et

147 3151 391 3206 Minervae
441 3161 822 3218 consecraretur,
865 3172 1033 3218 quum,
1078 3158 1343 3218 quicunque
1385 3157 1433 3204 in
1474 3157 1696 3205 concione
1739 3161 1824 3206 aut
1865 3157 1914 3204 in
