2063 3494
970 156 1038 204 32

144 315 383 363 sententia
414 314 540 375 apud
561 314 838 362 Aeschinem
860 316 1063 376 legatur,
1094 320 1284 363 rectene
1314 330 1377 362 an
1410 330 1546 365 secus
1580 318 1694 366 haec
1723 315 1910 378 prolata

142 396 253 456 sint,
284 396 547 456 quaeritur.
614 395 794 454 Quodsi
827 397 1072 458 sumimuS,
1105 411 1161 445 ea
1193 397 1381 445 omnino
1414 401 1542 446 recte
1575 398 1702 448 dicta
1735 412 1912 447 esse——

143 489 298 537 neque
331 475 428 524 ulla
471 489 617 524 causa
663 489 768 524 esse
811 477 1023 537 videtur,
1066 491 1149 525 cur
1195 477 1463 525 dubitemus
1494 503 1581 539 ——,
1623 478 1913 539 exceptionis

141 557 288 604 verba
320 557 499 604 nullam
534 557 675 604 aliam
710 558 803 603 vim
835 557 1010 605 habere
1039 562 1251 618 possunt,
1286 558 1378 605 nisi
1412 571 1551 617 quam
1576 559 1830 607 Aeschines
1862 558 1912 605 in

144 637 202 685 iis
234 637 391 685 inesse
415 635 664 697 significat,
701 636 821 685 hanc
855 637 1099 687 videlicet:
1136 638 1226 686 nisi
1259 638 1299 686 si
1330 637 1532 699 populus
1566 638 1674 700 (aut
1706 642 1913 697 senatuS,

142 716 192 764 id
240 719 366 776 quod
426 717 555 776 apud
603 717 972 765 Demosthenem
1033 718 1248 765 additum
1299 717 1587 779 invenimus)
1647 704 1914 777 aliquorum

140 798 356 857 nomina,
409 797 491 857 qui
549 796 611 844 ab
654 797 760 845 aliis
802 798 850 845 in
896 798 1000 858 ipsa
1055 797 1159 857 lege
1206 812 1351 858 supra
1389 798 1646 845 nominatis
1689 810 1912 845 coronam

141 878 376 937 recepturi
410 881 547 936 sunt,
596 878 862 925 renuntiari
894 878 1049 937 iubet,
1094 879 1123 926 i.
1159 893 1198 926 e.
1236 879 1425 926 decreto
1455 878 1714 939 permittit,
1750 881 1804 925 ut
1836 890 1911 925 re-

142 959 435 1006 nuntientur.
522 957 711 1005 Etenim
763 958 824 1006 ad
868 958 1192 1006 accusativum
1248 976 1439 1013 »mag«
1485 958 1793 1020 supplendum
1838 960 1913 1005 est

144 1036 603 1097 »a'vayopaeneffi‘fm«
628 1038 681 1097 ¹).
749 1037 928 1085 Contra
963 1038 1304 1085 Demosthenes
1353 1038 1474 1086 hanc
1507 1040 1792 1086 sententiam
1832 1050 1911 1084 ex-

140 1118 347 1178 ceptioni
378 1117 544 1165 subiici
578 1118 705 1165 vult:
752 1118 843 1165 nisi
875 1119 916 1165 si
949 1118 1150 1178 populus
1184 1123 1270 1166 aut
1305 1108 1498 1167 senatus
1534 1119 1795 1178 aliquorum
1829 1131 1913 1164 no-

140 1199 296 1258 mina,
338 1200 419 1258 qui
461 1212 491 1245 a
534 1212 586 1246 se
618 1199 720 1258 ipso
754 1212 978 1245 coronam
1007 1199 1252 1258 accepturi
1283 1202 1420 1257 sunt,
1464 1199 1729 1246 renuntiari
1765 1197 1910 1245 iubet.

141 1278 293 1336 Quam
328 1278 767 1338 interpretationem
802 1278 861 1324 ab
895 1278 1047 1325 indole
1082 1292 1137 1326 ac
1168 1282 1338 1325 natura
1363 1278 1534 1344 Graeci
1567 1278 1794 1325 sermonis
1828 1277 1909 1324 ab-

139 1359 349 1418 horrere,
381 1362 595 1418 apparet.
660 1358 708 1406 Si
742 1359 863 1404 enim
900 1359 1111 1417 exceptio
1153 1358 1215 1405 ad
1260 1372 1459 1405 coronas
1493 1372 1522 1404 a
1558 1357 1731 1418 populo
1764 1361 1849 1405 aut
1881 1371 1910 1404 a

141 1443 314 1487 senatu
348 1439 489 1486 datas
521 1441 777 1498 spect-aret,
812 1438 874 1494 id,
906 1438 1189 1498 praesertim
1213 1438 1261 1485 in
1282 1438 1401 1498 lege,
1433 1438 1619 1498 planius
1648 1438 1911 1498 exprimen-

141 1520 254 1567 dum
286 1523 419 1578 erat,
465 1519 554 1566 hoc
585 1517 684 1565 fere
723 1517 885 1565 modo:
937 1518 1069 1580 πλὴν
1100 1517 1191 1564 ἐάν
1229 1535 1365 1572 τινας
1395 1517 1421 1564 ὁ
1455 1518 1606 1581 δῆμος
1639 1517 1723 1579 ὑφ’
1756 1517 1914 1563 αὑτοῦ

141 1681 224 1729 Sin
246 1694 359 1728 vero
379 1680 601 1741 opineris,
634 1677 919 1726 infinitivum
951 1681 1293 1739 »ougpavofiv«
1327 1679 1389 1726 ad
1411 1678 1493 1725 illa
1520 1678 1665 1726 verba
1688 1678 1910 1738 supplen-

141 1761 251 1809 dum
286 1773 405 1820 esse,
437 1773 561 1807 nova
596 1757 874 1819 difficultaS,
911 1763 959 1807 et
992 1760 1107 1807 haec
1140 1758 1348 1820 quidem,
1382 1759 1579 1819 exsistit,
1611 1763 1663 1807 ut
1695 1763 1782 1806 aut
1815 1773 1907 1806 non

139 1841 197 1889 de
229 1840 565 1900 renuntiandO,
601 1839 683 1886 sed
714 1840 772 1886 de
806 1839 1352 1887 coronando-decretum
1385 1839 1585 1898 intelligi
1616 1840 1792 1899 possit,
1825 1846 1910 1887 aut

138 1922 215 1970 lex
241 1922 427 1969 laboret
457 1921 573 1969 vitio
608 1919 961 1981 ambiguitatis,
1008 1924 1116 1980 aut,
1160 1920 1281 1967 hanc
1311 1919 1461 1980 ipsam
1496 1919 1596 1967 eius
1630 1920 1724 1968 vim
1750 1919 1910 1980 fuisse,

138 2002 509 2055 concludendum
545 2002 623 2061 sit,
655 2006 723 2061 ut,
758 2001 1025 2061 quicunque
1058 2015 1087 2048 a
1118 2001 1293 2061 populo
1330 2005 1414 2050 aut
1447 2015 1476 2048 a
1509 2005 1678 2049 senatu
1709 2015 1908 2050 coronas

138 2084 421 2143 acciperent,
452 2083 498 2129 in
534 2082 724 2129 theatro
748 2082 1154 2129 renuntiarentur.
1220 2084 1297 2142 At,
1331 2083 1371 2130 si
1406 2097 1483 2130 res
1514 2083 1584 2130 ita
1612 2086 1751 2142 esset,
1780 2087 1907 2130 certo

137 2163 484 2212 Demosthenes
529 2161 799 2209 adversario
834 2161 1025 2210 definite
1065 2162 1337 2222 obiecisset,
1382 2162 1623 2210 theatrum
1666 2163 1910 2222 proprium

136 2244 264 2292 illius
298 2242 660 2290 renuntiationis
693 2242 843 2290 locum
885 2255 1014 2302 esse,
1063 2256 1216 2302 neque
1250 2256 1452 2302 usquam
1493 2242 1609 2289 alibi
1654 2256 1758 2290 eam
1790 2242 1906 2291 fieri.

135 2326 205 2372 Ac
238 2338 296 2371 ne
329 2323 448 2370 illud
482 2321 671 2382 quidem
705 2326 895 2370 nostrae
928 2322 1238 2382 disputationi
1272 2315 1463 2370 obstare
1494 2326 1738 2383 putamus,
1782 2323 1907 2384 quod

137 2405 265 2466 apud
286 2403 649 2452 Demosthenem
674 2402 819 2450 verba
855 2400 917 2465 »ἦ
951 2401 980 2466 ἡ
1010 2400 1194 2464 βουλή<<
1230 2402 1395 2451 addita
1414 2403 1625 2464 legimuS,
1659 2404 1699 2451 si
1720 2403 1908 2464 quidem

137 2486 187 2533 in
234 2485 338 2544 lege
381 2487 487 2543 ipsa
529 2484 708 2543 scripta
753 2487 904 2531 erant.
983 2483 1106 2530 Nam
1142 2483 1319 2531 iactum
1356 2497 1460 2532 esse
1491 2488 1673 2544 potest,
1716 2488 1772 2532 ut
1812 2498 1907 2532 non

136 2565 279 2614 modo
301 2565 487 2625 populo,
522 2563 606 2611 sed
637 2564 782 2610 etiam
817 2564 1019 2624 senatui,
1055 2563 1183 2610 illam
1211 2564 1605 2613 renuntiationem
1627 2566 1908 2624 permittere

132 2646 313 2694 liceret.
379 2647 512 2701 Quae
547 2645 588 2691 si
619 2644 780 2704 populi
812 2644 1048 2703 permissu
1068 2643 1228 2704 fiebat,
1261 2645 1410 2692 maior
1435 2644 1602 2705 honOS‚
1632 2646 1672 2693 si
1701 2650 1907 2707 senatUS,

135 2728 292 2775 minor
324 2724 572 2772 habendus
609 2728 708 2783 est3
750 2736 936 2783 semper
966 2728 1126 2771 autem
1161 2724 1440 2772 adiunctum
1471 2725 1585 2782 erit,
1634 2729 1791 2774 utrum
1823 2740 1908 2786 po-

134 2807 291 2867 puluS‚
324 2820 384 2852 an
418 2809 630 2863 senatus,
661 2807 948 2863 potestatem
974 2804 1150 2850 fecerit.
1216 2805 1383 2863 Itaque
1400 2819 1629 2865 perquam
1656 2807 1906 2853 verisimile

134 2892 222 2948 est,
258 2885 630 2934 Demosthenem
663 2884 948 2932 sententiam
984 2884 1267 2944 exceptionis
1298 2885 1598 2933 callidissime
1632 2884 1945 2934 detorsisse.'

138 2967 361 3015 Seiuncta
395 2980 508 3015 sane
541 2966 602 3012 ab
636 2965 709 3025 iis,
743 2977 863 3024 quae
888 2965 1189 3024 praecedunt,
1224 2965 1368 3012 verba
1388 2970 1589 3025 possunt
1623 2966 1768 3013 videri
1802 2980 1906 3013 eam

247 3146 287 3196 l)
318 3145 376 3184 Cf.
407 3145 670 3196 Spengeiium
698 3158 791 3195 pag.
823 3145 884 3184 60.
