2063 3494
964 144 1028 193 16

100 300 365 362 tellexisse,
399 315 518 362 opus
549 301 720 363 fuisse,
769 308 826 351 ut
859 308 1021 353 orator
1056 305 1232 353 crimen
1262 311 1478 367 augeret.
1547 308 1638 357 Res
1672 309 1793 357 enim
1828 309 1877 358 in

99 386 237 430 tanta
271 381 555 443 reipublicae
591 383 952 442 perturbatione
982 387 1032 433 et
1062 384 1414 435 calamitatibus
1448 388 1791 451 negligebatur,
1829 393 1879 438 et

98 462 457 522 DemostheneS,
503 477 644 523 quem
691 468 943 512 accusator
990 466 1192 513 maxime
1235 466 1453 528 petebat,
1500 469 1559 516 ob
1609 483 1781 530 magna
1828 470 1878 517 in

97 543 435 603 rempublicam
478 543 704 593 beneficia
748 548 798 593 et
842 544 1161 606 eloquentiam
1202 545 1504 606 diligebatur.
1581 549 1710 610 Ergo
1758 563 1880 611 opus
1950 581 1959 593 .

97 627 229 684 erat,
274 626 329 671 ut
371 623 631 672 Aeschines
679 625 807 672 omni
851 625 990 674 modo
1033 626 1210 674 crimen
1250 631 1450 687 augeret
1493 631 1543 676 et
1587 630 1878 689 reipublicae

97 703 304 752 salutem
337 704 385 752 in
421 718 585 753 severe
624 704 888 754 iudicandis
934 705 1242 768 παρανόμων
1276 710 1487 770 γραφαῖς
1530 708 1737 769 positam
1768 722 1874 758 esse

97 784 337 832 doceret«.
402 784 498 833 Sed
531 799 675 846 supra
709 786 827 834 satis
861 787 1215 835 demonstrasse
1248 788 1360 835 mihi
1393 788 1573 850 videor,
1608 803 1701 837 non
1735 789 1876 837 vehe-

94 865 349 924 mentiam,
394 865 477 913 sed
521 869 687 913 contra
733 866 1021 914 submissum
1066 870 1116 914 et
1159 871 1477 927 temperatum
1510 881 1664 929 genus
1694 868 1877 917 dicendi

95 945 145 991 in
190 945 385 992 exordio
419 945 588 993 inesse.
666 946 839 1006 Incipit
887 959 1000 994 sane
1031 946 1288 996 Aeschines
1333 948 1506 996 crimen
1549 962 1747 1010 augere,
1795 949 1879 997 sed

95 1026 185 1074 hoc
218 1026 390 1086 ubique
420 1039 506 1086 per
541 1029 695 1074 totam
727 1027 989 1075 orationem
1025 1027 1155 1088 licet,
1189 1027 1436 1076 dummodo
1469 1042 1526 1078 ea
1556 1030 1747 1078 ratione
1777 1028 1877 1091 fiat,

96 1120 218 1167 quae
241 1106 304 1153 ad
329 1120 565 1167 quamque
595 1107 696 1155 eius
728 1112 913 1168 partem
940 1109 1172 1155 convenit·
1210 1122 1365 1169 neque
1390 1110 1580 1158 omnino
1606 1110 1876 1158 necessaria

96 1191 170 1234 est
202 1187 263 1234 ad
298 1187 571 1247 augendum
607 1187 794 1236 dicendi
827 1188 1146 1236 vehementia.

831 1394 1012 1457 Caput.
1042 1392 1138 1444 ΠΙ.

189 1492 341 1544 Cur
388 1490 866 1557 partitionem
920 1492 1336 1558 neglexisse
1379 1492 1786 1546 Aeschines

571 1572 942 1645 videatur,
977 1572 1387 1637 quaeritur.

217 1680 519 1729 Prooemium
579 1681 796 1741 sequitur
856 1680 1217 1741 argumentatio
1309 1681 1442 1739 Quae
1498 1681 1648 1729 divisa
1701 1687 1775 1729 est
1820 1682 1870 1729 in

94 1762 284 1808 eosdem
315 1761 444 1808 locos
481 1765 605 1820 treS,
656 1774 801 1820 quOS,
850 1765 1038 1807 mutato
1090 1762 1275 1819 ordine,
1325 1761 1640 1808 accusationis
1687 1761 1870 1808 libellus

90 1841 248 1890 habet.
327 1841 446 1901 Sed,
478 1841 755 1900 priusquam
790 1839 851 1887 ad
883 1839 1007 1887 hanc
1039 1840 1376 1888 illustrandam
1409 1844 1732 1899 transeamUS‚
1776 1840 1870 1888 alia

90 1935 169 1968 res
213 1921 379 1981 paucis
425 1920 707 1980 exponenda
755 1920 959 1967 videtur.
1035 1920 1221 1968 Docent
1266 1920 1389 1967 enim
1422 1919 1659 1980 rhetoreS,
1706 1919 1873 1967 confir-

89 2002 287 2048 mationi
329 2002 723 2060 praemittendam
769 2014 874 2048 esse
925 2014 1089 2047 earum
1147 2013 1333 2059 rerum,
1392 2000 1450 2047 dc
1494 2000 1663 2060 quibus
1708 2004 1872 2047 orator

89 2081 305 2129 dicturus
339 2081 426 2141 sit,
470 2080 664 2128 brevem
698 2080 914 2141 quidem,
961 2081 1046 2133 sed
1089 2085 1311 2128 accurate
1359 2080 1637 2141 dispositam
1680 2093 1871 2141 enume-

86 2162 336 2211 rationem.
402 2161 507 2210 Hac
538 2161 811 2222 partitione,
847 2175 991 2221 quam
1023 2166 1217 2220 vocant,
1266 2175 1362 2209 non
1395 2160 1532 2208 modo
1562 2160 1867 2209 illustriorem

87 2246 240 2291 totam
274 2242 538 2291 orationem
572 2239 719 2303 effici,
765 2241 848 2290 sed
882 2241 1025 2290 etiam
1057 2240 1234 2290 iudices
1270 2241 1553 2290 attentiores
1596 2240 1867 2290 dociliores-

86 2338 179 2384 que
213 2322 340 2384 fieri,
381 2324 421 2370 si
457 2323 701 2383 noverint,
737 2337 829 2383 qua
866 2323 923 2370 de
958 2336 1010 2370 re
1047 2324 1237 2383 statim,
1280 2322 1339 2370 de
1371 2336 1468 2383 qua
1501 2326 1670 2383 postea
1703 2328 1866 2371 orator

87 2405 153 2452 sit
185 2404 411 2452 dicturus.
491 2403 629 2462 Quod
669 2404 745 2452 hic
789 2418 844 2451 eo
886 2404 1038 2463 magis
1073 2403 1294 2451 Aeschini
1327 2403 1681 2451 observandum
1717 2403 1865 2451 fuisse

86 2484 302 2542 videtur,
335 2485 469 2545 quia,
504 2491 557 2532 ut
592 2484 733 2531 modo
768 2483 1096 2544 indicavimuS‚
1143 2483 1264 2530 alius
1297 2485 1372 2530 est
1408 2482 1458 2530 in
1492 2483 1708 2530 oratione
1744 2482 1863 2530 ordo

83 2565 321 2625 locorum,
364 2565 487 2612 alius
523 2566 572 2612 in
606 2564 925 2612 accusationis
958 2564 1131 2612 libello.
1198 2563 1346 2622 Nam,
1392 2570 1543 2622 quum>
1570 2563 1618 2610 in
1649 2563 1737 2611 hoc
1766 2565 1865 2624 pri-

84 2659 210 2694 mam
259 2645 522 2707 rationem,
571 2659 657 2694 cur
699 2645 1020 2705 Ctesiphontis
1076 2645 1264 2705 rogatio
1320 2648 1486 2693 contra
1539 2643 1666 2705 leges
1720 2649 1862 2706 esset,

83 2727 331 2774 attulisset
362 2726 505 2786 hane,
544 2726 672 2786 quod
705 2725 1050 2773 Demosthenes
1086 2729 1222 2772 tanto
1256 2724 1433 2771 honore
1461 2725 1686 2785 indignus
1720 2730 1863 2786 esset,

84 2808 356 2860 secundam,
389 2806 518 2867 quod
551 2806 677 2854 idem
709 2807 756 2853 in
788 2806 1077 2866 magistratu
1107 2808 1232 2852 esset
1262 2803 1460 2852 necdum
1483 2805 1694 2852 rationes
1729 2809 1861 2852 retu-

82 2888 233 2948 lisset,
269 2889 463 2935 tertiam
497 2887 724 2948 denique,
769 2886 917 2947 quod,
958 2886 1038 2946 qui
1072 2899 1100 2932 a
1131 2885 1304 2946 populo
1340 2898 1515 2932 corona
1548 2884 1857 2945 donarentur,

81 2982 317 3028 nusquam
352 2968 467 3015 alibi
512 2973 659 3028 atque
691 2968 739 3015 in
775 2968 997 3015 concione
1032 2980 1112 3014 eos
1153 2966 1332 3013 donare
1366 2966 1551 3013 liceret:
1593 2965 1642 3012 in
1675 2964 1756 3012 illa
1786 2980 1860 3013 or-

83 3049 242 3097 dinem
275 3050 343 3097 ita
375 3050 593 3108 invertit,
629 3053 685 3097 ut
719 3049 923 3110 primum
958 3048 1015 3096 de
1049 3047 1312 3096 rationibus
1344 3060 1436 3094 non
1463 3045 1653 3106 relatiS,
1685 3044 1858 3095 deinde

82 3130 140 3177 de
174 3129 276 3178 loco
312 3129 600 3190 donationiS,
634 3133 732 3178 tum
769 3130 826 3177 de
860 3130 958 3177 vita
998 3129 1186 3190 privata
1218 3132 1266 3176 et
1306 3126 1496 3187 publica
1525 3125 1856 3175 Demosthenis
