2063 3494
864 824 1110 891 CaputI.

612 924 1357 977 Prooemium.

230 1132 286 1181 In
320 1131 653 1181 illustrissimis
692 1132 996 1193 antiquitatis
1031 1132 1186 1181 causis
1222 1130 1512 1191 forensibuS,
1557 1132 1700 1190 atque
1742 1127 1872 1177 haud

103 1212 199 1260 scio
231 1226 291 1260 an
327 1213 531 1261 omnium
564 1212 706 1273 longe
737 1212 1083 1272 illustrissima,
1119 1213 1201 1259 illa
1235 1216 1332 1271 est,
1367 1223 1487 1282 quae
1521 1210 1649 1257 inter
1679 1208 1873 1256 Aeschi-

104 1307 209 1339 nem
245 1298 295 1340 et
324 1294 691 1341 Demosthenem
723 1308 828 1341 cum
864 1294 1141 1341 celebritate
1174 1294 1323 1340 totius
1350 1291 1577 1340 Graeciae
1610 1290 1670 1338 de
1698 1303 1872 1338 corona

103 1374 215 1419 acta
249 1375 336 1420 est.
409 1372 481 1420 De
514 1385 609 1433 qua
645 1371 770 1433 apud
805 1372 1078 1421 Ciceronem
1097 1373 1137 1432 ¹)
1179 1371 1296 1419 haec
1334 1370 1557 1431 legimus:
1608 1369 1712 1416 »Ad
1747 1369 1873 1430 quod

103 1450 324 1497 iudicium
369 1465 620 1498 concursus
664 1452 837 1498 dicitur
880 1466 905 1497 e
945 1455 1048 1497 tota
1081 1451 1281 1519 Graecia
1316 1450 1472 1497 factus
1517 1463 1666 1496 esse«.
1734 1449 1872 1505 Quod

102 1528 409 1578 confirmatur
458 1531 607 1592 ipsius
661 1530 907 1580 Aeschinis
963 1530 1146 1591 verbis,
1220 1543 1343 1591 quae
1395 1530 1444 1578 in
1500 1529 1599 1578 eius
1658 1529 1873 1578 oratione

100 1609 395 1671 leguntur2):
421 1609 533 1670 ,j'lv’
554 1603 643 1659 οὖν
662 1647 695 1658 ..
712 1647 722 1657 .
742 1612 1088 1673 ἀποκρίνωμαι
1108 1612 1334 1657 ἐναντίον
1356 1624 1434 1658 σοι
1454 1613 1553 1656 τῶν
1576 1611 1867 1662 δικαστῶν..

98 1691 180 1736 καὶ
214 1693 313 1737 τῶν
344 1689 508 1738 ἄλλων
539 1691 755 1737 πολιτῶν
787 1727 798 1737 .
834 1726 845 1737 .
883 1727 894 1737 .
937 1692 1020 1737 καὶ
1050 1694 1150 1737 τῶν
1178 1689 1438 1752 Ἑλλήνων,
1478 1687 1613 1744 ὅσοις
1642 1690 1873 1750 ἐπιμελὲς

97 1774 291 1829 γέγονεν
340 1769 606 1820 ἐπακούειν
650 1771 795 1834 τῆςδε
838 1774 922 1833 τῆς
969 1774 1186 1831 κρίσεως·
1238 1769 1337 1831 ὁρῶ
1375 1769 1509 1817 δὀὐκ
1550 1769 1737 1830 ὀλίγους
1777 1787 1872 1816 πα-

97 1847 289 1909 ρόντας,
323 1851 430 1898 ἀλλ’
450 1849 597 1905 ὅσους
619 1850 781 1906 οὐδεὶς
801 1850 1012 1898 πώποτε
1033 1856 1277 1913 μέμνηται
1298 1851 1424 1911 πρὸς
1442 1851 1611 1911 οἷγῶνα
1629 1849 1870 1911 δημόσιον

100 1932 570 1991 παραγενομένουςίί.
662 1931 911 1979 Alliciebat
954 1936 1114 1978 autem
1167 1945 1261 1978 non
1313 1930 1451 1978 modo
1496 1930 1646 1990 ipsius
1698 1944 1870 1979 causae

101 2010 400 2071 magnitudo,
444 2011 527 2059 sed
563 2011 709 2059 etiam
743 2011 941 2072 insignis
973 2010 1099 2059 fama
1142 2011 1548 2059 contendentium.
1625 2011 1872 2072 Discepta-

98 2089 242 2139 batur
281 2092 405 2139 enim
450 2092 508 2140 de
547 2092 795 2153 probanda
838 2095 923 2140 aut
962 2091 1275 2153 improbanda
1310 2092 1438 2140 omni
1472 2092 1683 2152 ratione,
1730 2106 1869 2153 quam

97 2175 154 2217 ut
175 2175 341 2219 contra
357 2172 560 2232 Philippi
583 2177 631 2220 et
650 2173 905 2220 Alexandri
931 2173 1126 2221 insidias
1154 2175 1486 2233 sequerentur,
1514 2167 1871 2232 DemostheneS,

95 2264 241 2311 quum
292 2251 342 2299 in
393 2252 637 2312 republica
687 2258 986 2314 versaretur,
1046 2252 1420 2301 Atheniensibus
1476 2258 1644 2301 auctor
1695 2252 1870 2301 fuerat.

96 2329 353 2379 Orato'rum
375 2336 538 2380 autem
562 2337 760 2394 uterque
778 2334 985 2381 maxima
1008 2333 1055 2380 in
1079 2333 1326 2393 republica
1343 2334 1634 2381 auctoritate
1654 2333 1869 2395 florebat,

94 2414 293 2472 uterque
335 2414 574 2474 egregiam
625 2414 675 2462 in
719 2413 917 2463 dicendo
971 2413 1248 2462 facultatem
1305 2426 1634 2473 summamque
1679 2413 1870 2462 laudem

94 2489 325 2553 habebat,
368 2497 569 2555 uterque
605 2488 798 2555 capitali
830 2494 938 2542 odio
974 2494 1174 2542 alterius
1208 2493 1459 2554 flagrabat.
1536 2494 1667 2551 Quas
1701 2507 1871 2542 causas

92 2570 256 2620 Cicero
301 2588 395 2622 una
427 2576 668 2623 sententia
703 2576 822 2624 scite
862 2575 1132 2636 complexus
1165 2578 1264 2635 est,
1303 2588 1447 2635 quum
1479 2588 1624 2634 porro
1664 2574 1868 2622 diceret:

96 2651 250 2711 »Quid
282 2658 405 2702 enim
438 2659 526 2703 aut
558 2660 657 2704 tam
691 2655 940 2704 visendum
973 2658 1060 2703 aut
1091 2654 1379 2703 audiendum
1413 2655 1524 2715 fuit,
1568 2668 1707 2716 quam
1741 2668 1869 2702 sum-

94 2747 275 2781 morum
322 2738 567 2783 oratorum
614 2737 661 2783 in
704 2737 986 2797 gravissima
1049 2750 1191 2784 causa
1215 2739 1224 2788 f
1241 2740 1463 2784 accurata
1518 2740 1567 2783 et
1611 2736 1868 2783 inimicitiis

89 2813 283 2862 incensa
320 2815 559 2863 contentio
572 2817 621 2863 5³«
658 2817 994 2865 Percommode
1029 2816 1161 2863 nobis
1188 2817 1362 2877 evenit,
1397 2820 1451 2864 ut
1479 2816 1604 2863 duae
1623 2816 1867 2863 orationes

91 2906 150 2942 ex
182 2898 320 2943 tanta
353 2895 601 2944 literarum
634 2896 819 2945 iactura
855 2900 1075 2945 servatae
1109 2900 1310 2944 exstent.
1378 2895 1594 2956 Utraque
1629 2896 1775 2956 enim,
1813 2900 1867 2943 ut

198 3070 239 3117 1)
267 3068 331 3107 De
359 3073 441 3119 opt.
470 3079 559 3119 gen.
593 3081 650 3109 or.
679 3071 714 3120 7,
742 3070 804 3108 22.
836 3091 885 3097 -—
918 3070 961 3117 2)
989 3071 1026 3117 §.
1055 3069 1116 3108 56.
