2063 3494
1015 92 1083 142 65)

164 255 300 303 cuset
328 251 431 313 ille,
473 265 593 313 quae
635 254 803 301 contra
834 264 970 300 suam
1013 249 1416 299 confirmationem
1459 262 1488 297 a
1521 248 1800 297 defendente
1834 249 1926 297 dici

163 338 304 395 posse
342 332 583 393 coniiciat,
625 334 870 394 oppugnet
915 335 1059 391 atque
1102 333 1312 389 evertat,
1365 330 1411 376 in
1461 329 1551 377 hac
1591 329 1825 387 oratione,
1873 335 1926 377 ut

162 414 350 473 saepius
382 412 487 463 fieri
516 412 654 473 solet,
685 411 769 463 illa
801 410 1143 460 confirmationi
1175 410 1360 458 intexta
1388 413 1475 457 est.
1542 409 1681 467 Quod
1715 414 1842 457 certe
1877 410 1927 457 in

163 495 264 543 eius
296 494 461 554 primis
494 492 680 542 duobus
712 492 825 541 locis
857 495 1006 551 patet.
1071 491 1128 539 In
1163 491 1304 538 tertio
1337 494 1518 549 autem,
1564 491 1644 550 qui
1686 490 1734 537 in
1768 504 1925 538 rerum

159 578 404 635 gestarum
425 572 921 623 narrationessmaxime
941 574 1175 630 versetur,
1207 584 1303 618 non
1333 571 1406 618 ita
1429 570 1565 618 facile
1596 569 1698 618 fieri
1720 574 1927 630 poterat,

158 657 227 702 ut>
260 654 513 702 contrariis
561 651 823 700 adversarii
881 650 1175 710 argumentis
1226 654 1576 710 occurreretur3
1635 664 1925 710 quamquam

157 738 301 782 unum
354 733 620 792 exemplum
674 730 1011 783 confutationis
1063 730 1139 779 hic
1188 743 1373 791 quoque
1428 731 1670 778 invenitur
1691 730 1752 792 ¹).
1828 731 1929 779 'Est

162 811 352 873 quidem
387 811 593 861 alterum
624 824 773 872 genus
807 810 1162 872 confutationis,
1206 824 1301 872 quo
1333 811 1416 873 iis,
1465 824 1588 873 quae
1629 811 1923 860 extrinsecus

157 887 469 952 repetuntur,
503 892 781 940 occurritur.
858 882 949 940 Sed
984 905 1044 939 ne
1074 892 1163 939 hoc
1195 891 1380 951 quidem
1410 893 1654 952 proprium
1687 893 1922 952 quendam

156 972 313 1022 locum
344 972 393 1020 in
432 971 521 1020 hac
565 972 783 1020 oratione
810 971 1009 1032 habere,
1050 984 1195 1032 quum
1238 985 1296 1019 ex
1319 971 1581 1021 <multis-et
1624 972 1729 1020 aliis
1762 972 1920 1020 causis

160 1053 456 1114 perspicuum
489 1055 588 1111 est,
635 1055 734 1100 tum
774 1052 886 1112 quia
929 1052 1066 1111 signa
1105 1065 1160 1099 ac
1200 1055 1345 1100 notae
1378 1052 1731 1101 contradicendi
1765 1056 1816 1100 et
1846 1066 1919 1100 re-

156 1132 349 1181 fellendi
380 1132 661 1193 plerumque
693 1131 875 1180 desunt.
939 1132 1314 1191 Anquirentibus
1335 1131 1485 1191 igitur
1514 1131 1665 1192 nobis,
1695 1133 1809 1193 quid
1838 1133 1918 1180 alii

157 1213 245 1261 viri
281 1212 410 1263 docti
440 1212 499 1260 de
530 1212 711 1273 reliqua
735 1213 950 1260 oratione
970 1211 1264 1272 disponenda
1285 1211 1511 1271 iudicent,
1543 1212 1686 1260 codex
1702 1213 1917 1260 Lauren-
1995 1228 2000 1231 ’

158 1292 319 1341 tianus
349 1293 548 1353 praebet
578 1292 695 1340 haec
727 1292 872 1340 verba
916 1305 945 1338 a
978 1296 1137 1339 vetere
1168 1291 1325 1351 aliquo
1360 1295 1637 1341 enarratore
1672 1292 1734 1342 ad
1765 1291 1792 1353 ἓ
1825 1295 1918 1339 230

155 1373 423 1433 adscripta:
470 1374 739 1434 ,,ἐντεῧθεν
784 1371 831 1420 οἱ
857 1372 1078 1432 ,ἐπίλογοι
1112 1371 1420 1432 εἰργασμένοι
1461 1373 1521 1419 e'v
1547 1372 1667 1418 δέκα
1698 1371 1917 1428 τόποις“.

155 1453 231 1501 Ab
265 1453 355 1501 hoc
386 1453 533 1513 igitur
563 1452 667 1501 loco
705 1453 746 1500 is
779 1451 917 1500 docet
947 1452 1298 1512 perorationem
1341 1453 1456 1500 oriri
1476 1445 1690 1513 ¹eamque
1732 1466 1918 1513 compo-

156 1534 298 1581 sitam
329 1546 433 1581 esse
469 1546 526 1580 ex
557 1533 719 1580 decem
746 1532 839 1580 illis
871 1532 986 1580 locis
1020 1532 1366 1593 communibuS‚
1410 1546 1531 1593 quos
1573 1533 1786 1582 rhetores
1816 1539 1917 1582 tra-

156 1612 289 1662 dunt.
366 1612 432 1661 At
467 1626 580 1661 vero
624 1612 828 1673 primum
861 1611 1166 1661 nibilominus
1212 1612 1503 1674 haeremus,
1532 1613 1646 1674 quid
1679 1614 1751 1674 iis,
1790 1626 1916 1675 quae

155 1692 470 1753 praecedunt,
513 1692 779 1740 faciendum
812 1695 887 1740 sit.
951 1692 1098 1751 Nam,
1138 1693 1177 1740 si
1206 1693 1335 1753 quiS,
1370 1694 1447 1753 iis,
1482 1707 1602 1753 quae
1634 1694 1694 1741 ad
1728 1695 1917 1743 laudem

157 1774 410 1833 maiorum,
453 1772 536 1833 qui
580 1773 629 1820 in
660 1772 922 1820 tribuendis
955 1771 1214 1820 honoribus
1248 1778 1346 1821 tam
1380 1773 1525 1834 parci,
1571 1773 1618 1820 in
1648 1774 1916 1824 actionibus

157 1853 438 1902 violatarum
480 1853 637 1913 legum
679 1852 940 1901 iudicandis
986 1856 1082 1900 tam
1118 1866 1269 1900 severi
1304 1852 1503 1913 fuerint,
1547 1854 1764 1914 exposita
1807 1855 1917 1913 sint,

155 1934 342 1994 digredi
374 1937 612 1982 oratorem
645 1939 847 1992 censeat,
882 1933 970 1981 hoc
1002 1933 1191 1993 quidem
1214 1933 1403 1981 concedi
1434 1938 1607 1994 potest,
1640 1935 1725 1983 sed
1755 1940 1916 1984 tamen

155 2019 369 2074 constat,
414 2013 730 2074 digressiones
779 2026 873 2061 non
917 2016 1187 2073 separatam
1229 2014 1458 2062 orationis
1496 2018 1685 2074 partem
1716 2014 1915 2077 efficere,

153 2094 237 2143 sed
268 2094 398 2143 locos
428 2107 546 2155 esse,
581 2093 664 2155 qui
698 2093 802 2141 aliis
832 2093 1050 2154 partibus
1071 2093 1231 2141 iniecti
1251 2094 1404 2154 iisque
1427 2095 1769 2143 adnumerandi
1803 2096 1915 2145 sint.

151 2175 402 2223 Praeterea
434 2176 607 2223 iter-um
639 2177 854 2223 remanet
879 2173 1146 2235 difficultaS,
1179 2188 1272 2235 quo
1307 2176 1403 2223 sint
1431 2175 1621 2235 reliqua
1654 2176 1914 2226 referenda.

152 2255 357 2304 Maxime
390 2260 550 2304 autem
571 2256 781 2303 'hominis
810 2256 1070 2304 auctoritas
1103 2256 1446 2305 contemnenda
1468 2256 1668 2317 videtur,
1703 2258 1755 2318 si,
1793 2272 1916 2318 quae

153 2336 213 2384 de
247 2335 422 2384 „decem
441 2334 489 2396 ²)
537 2335 651 2384 locis
700 2335 1020 2383 communibus
1070 2336 1304 2396 explicata
1349 2340 1487 2396 sunt,
1546 2338 1916 2397 cognoverimus.

156 2416 273 2475 Quis
306 2421 379 2465 est
411 2417 557 2477 enim,
601 2416 680 2477 qui
711 2417 827 2465 haec
856 2417 1010 2464 omnia
1041 2430 1240 2477 prorsus
1271 2430 1394 2465 vana
1433 2430 1492 2465 ac
1529 2419 1781 2478 nugatoria
1814 2433 1918 2468 esse

154 2511 249 2545 non
265 2498 554 2558 perspiciat?
617 2498 746 2556 Quae
768 2512 912 2558 quum
937 2498 1007 2546 ita
1028 2498 1136 2559 sint,
1164 2499 1324 2559 potius
1342 2498 1591 2547 Schaefero
1615 2501 1915 2561 assentimur,

157 2578 236 2639 qui
270 2579 427 2626 omnia
455 2593 484 2626 a
519 2579 545 2640 ἕ
584 2583 671 2626 177
716 2592 866 2639 usque
905 2578 967 2626 ad
1001 2579 1142 2626 finem
1173 2579 1297 2628 dicta
1328 2579 1500 2640 epilogi
1532 2594 1636 2629 esse
1669 2581 1915 2642 censetss).

156 2659 290 2715 Quae
321 2659 540 2706 acerrimi
571 2659 659 2706 viri
703 2659 940 2707 sententia
987 2659 1186 2707 alterius
1217 2661 1392 2708 veteris
1425 2661 1716 2708 enarratoris
1746 2661 1916 2710 iudicio

156 2736 485 2798 confirmatur,
527 2739 654 2798 quod
695 2738 892 2799 legimus
936 2739 1179 2787 invcodice
1208 2740 1260 2787 F.
1293 2740 1367 2787 Ibi
1400 2740 1541 2788 verbo
1574 2743 1917 2803 ,,με’μνησθε“,

256 2889 274 2926 1
323 2886 372 2926 cf.
457 2886 673 2927 137-141.

258 2887 303 3003 2))
332 2886 475 2992 UltiSmi
507 2955 590 2992 tres
628 2950 780 3003 perditi
818 2955 951 3005 erant,
999 2949 1074 2991 sed
1106 2951 1341 3003 nuperrime
1378 2952 1421 2993 in
1459 2952 1601 2995 codice
1640 2954 1856 2997 Marciano
1894 2970 1919 2998 a

153 3016 397 3058 Ferdinand.
418 3017 628 3058 Schultzio
646 3017 799 3068 reperti
827 3021 933 3058 sunt.
989 3017 1037 3057 cf.
1064 3017 1197 3058 Iahnii
1227 3019 1407 3071 annales,
1439 3019 1551 3070 1868,
1584 3033 1676 3072 pag.
1692 3022 1914 3063 749—752,

257 3081 301 3132 3)
330 3082 409 3133 III,
437 3083 500 3123 22.
