2063 3494
990 140 1058 189 54

128 305 183 349 ut
213 300 395 349 iudices
429 298 675 347 Aeschinis
705 298 1069 360 reprehensione
1102 295 1283 346 moveri
1313 295 1600 357 potuissent.
1664 295 1905 354 Attamen,

128 381 211 442 qui
245 381 431 439 integre
464 378 656 427 audiret
677 379 1043 441 incorrupteque
1066 391 1142 426 res
1168 375 1508 436 consideraret,
1533 389 1644 424 eum
1674 390 1764 438 par
1795 379 1906 426 erat

128 467 228 509 tam
261 461 437 509 illustri
468 461 823 520 comparatione
856 461 1039 520 adduci,
1071 463 1138 519 ut,
1170 457 1347 506 malum
1379 470 1555 504 morem
1583 458 1631 506 in
1662 457 1902 506 civitatem

125 540 387 600 invasisse,
440 538 757 600 intelligeret,
797 553 946 601 eoque
978 539 1150 600 magis·
1168 536 1376 596 moveri,
1421 547 1567 595 quum
1601 537 1815 597 exempla
1846 549 1905 584 ex

128 620 426 680 superiorum
474 624 743 679 temporum
785 621 1015 668 memoria
1072 620 1319 679 depromta
1367 627 1525 663 rerum
1568 616 1814 675 praeclare
1855 621 1906 664 et

125 708 354 756 prospere
388 697 635 755 gestarum
669 707 794 754 esse,
831 694 1160 743 Demosthenis
1190 709 1302 744 vero
1337 694 1534 744 consilia
1561 694 1745 744 cladem
1777 694 1903 744 cala-

125 775 435 835 mitatemque
466 781 763 835 postremum
797 775 1086 835 reipublicae
1105 774 1325 823 attulisse
1355 775 1551 823 videret.
1620 775 1776 833 Quare
1808 788 1902 823 non

123 854 195 902 ita
226 867 351 902 vana
385 867 443 902 ac
474 853 626 902 futilis
660 853 777 902 haec
811 854 933 902 ratio
961 853 1099 901 nobis
1122 852 1265 902 fuisse
1288 854 1488 902 videtur.
1553 853 1712 915 Atque
1736 853 1901 901 eadem

125 934 343 982 similiter
378 934 532 982 utitur
560 933 907 982 Demosthenes
955 934 1004 980 in
1048 934 1289 994 oratione,
1334 947 1474 994 quam
1517 937 1685 982 contra
1719 934 1905 981 Aristo-

123 1018 305 1063 cratem
349 1014 651 1075 conscripsit,
673 1012 724 1075 ’ἕ
765 1011 1037 1072 196-203,
1082 1012 1214 1060 cuius
1257 1013 1347 1060 loci
1387 1026 1616 1060 summam
1660 1012 1735 1061 hic
1778 1026 1905 1061 com-

122 1109 297 1154 parare
314 1093 443 1141 hand
466 1093 773 1141 iniucundum
799 1097 886 1140 aut
909 1093 1120 1153 ineptum
1143 1092 1221 1140 sit.
1287 1092 1510 1141 Ostendit
1522 1093 1661 1153 enim,
1683 1093 1903 1152 maiores„

121 1175 340 1234 quamvis
375 1174 496 1221 bene
529 1174 589 1222 de
622 1173 862 1234 republica
894 1187 949 1221 ac
984 1187 1037 1220 re
1069 1186 1183 1220 vera
1213 1173 1406 1220 meritos
1430 1173 1557 1220 viros
1575 1173 1702 1220 nacti
1729 1175 1904 1232 essent,

122 1253 324 1301 maxime
344 1266 517 1314 parcos
550 1253 598 1300 in
620 1252 891 1300 tribuendis
910 1252 1112 1313 publicis
1136 1252 1272 1299 donis
1294 1256 1439 1312 atque
1460 1252 1721 1299 honoribus
1742 1251 1901 1299 fuisse·

121 1347 269 1392 quare
315 1337 430 1379 tunc
478 1332 596 1379 haec
628 1332 817 1392 plurimi
860 1332 1114 1378 aestimata
1163 1345 1294 1391 esse,
1340 1345 1466 1379 nunc
1513 1335 1673 1379 autem
1708 1332 1820 1378 vilia
1852 1336 1902 1378 et

120 1411 304 1460 abiecta
333 1411 510 1471 putari.
592 1410 732 1469 Quod
779 1410 962 1458 civitati
994 1410 1224 1459 accidisse
1267 1412 1473 1459 avaritia
1506 1414 1556 1459 et
1594 1410 1900 1471 improbitate

120 1496 390 1551 oratorum,
441 1491 519 1551 qui
554 1491 711 1538 omnia
745 1503 942 1538 munera
972 1491 1282 1539 venditarent
1319 1496 1368 1539 et
1399 1492 1552 1551 primo
1586 1491 1754 1551 cuique
1784 1503 1900 1538 con·

120 1572 359 1621 cederent.

247 1653 302 1700 ln
336 1652 416 1712 iis,
451 1663 576 1711 quae
612 1655 878 1711 sequuntur
912 1649 963 1713 (ξ
996 1649 1288 1712 191-196),
1325 1651 1608 1710 Aeschines,
1643 1654 1898 1711 postquam

120 1733 332 1780 breviter
364 1731 672 1790 significavit,
707 1731 767 1779 ad
803 1731 1009 1779 civitatis
1044 1731 1244 1779 salutem
1278 1745 1333 1778 ac
1365 1731 1636 1779 libertatem
1667 1731 1898 1780 tuendam

118 1812 166 1860 in
199 1810 469 1859 actionibus
500 1810 660 1871 legum
694 1810 980 1859 violatarum
1018 1812 1206 1859 tantum
1249 1810 1457 1872 positum
1491 1823 1620 1872 esse,
1665 1811 1900 1873 queritur,

121 1896 223 1939 tam
259 1903 459 1951 parvam
490 1891 584 1937 vim
626 1894 729 1938 tum
762 1891 820 1937 iis
855 1890 1020 1948 tribui,
1067 1902 1285 1950 quaeque
1328 1890 1482 1938 malae
1527 1891 1898 1940 consuetudines

116 1973 165 2019 in
197 1972 256 2019 iis
290 1971 607 2019 diiudicandis
641 1971 861 2030 vigeant,
905 1974 1155 2017 enumerat
1194 1975 1337 2031 atque
1370 1974 1537 2019 contra
1579 1971 1754 2019 iterum
1787 1985 1899 2032 pro-

115 2051 255 2114 ponit
284 2050 618 2099 auctoritatem
654 2050 901 2111 maiorum,
935 2063 1054 2111 quos
1085 2063 1276 2098 severos
1303 2053 1352 2097 et
1372 2063 1505 2098 acres
1529 2051 1709 2099 iudices
1735 2065 1898 2100 earum

114 2131 263 2179 fuisse
299 2132 610 2178 demonstrat.
674 2131 869 2190 Deinde,
903 2145 997 2190 qua
1026 2132 1213 2179 ratione
1244 2132 1439 2179 modum
1470 2132 1609 2180 huius
1643 2146 1892 2180 causarum

114 2212 303 2273 generis
337 2211 478 2259 aliter
511 2211 763 2271 constitui,
803 2214 853 2259 et
897 2211 959 2259 ad
1000 2211 1296 2272 propositam
1343 2224 1532 2261 causam
1575 2225 1626 2261 se
1670 2211 1896 2273 referenS,

114 2292 512 2352 quemadmodum
547 2291 910 2352 Ctesiphontem
953 2291 1014 2339 ab
1059 2291 1298 2339 iudicibus
1329 2291 1486 2339 audiri
1519 2292 1657 2353 velit,
1702 2292 1895 2354 exponit

114 2372 166 2434 (ξ
204 2373 484 2432 197-200),
519 2386 574 2419 ac
610 2385 755 2432 porro
787 2371 839 2434 (ᾗ
876 2375 1124 2420 201—202
1152 2376 1202 2419 et
1234 2372 1260 2434 ξ
1293 2373 1564 2433 205-206)
1596 2373 1658 2421 ab
1693 2373 1752 2421 iis
1785 2387 1899 2422 con-

112 2451 292 2512 tendit,
338 2452 379 2500 si
422 2452 502 2499 ille
538 2451 908 2500 Demosthenem
953 2451 1041 2500 sibi
1085 2452 1312 2513 advocet,
1356 2456 1413 2500 ut
1455 2453 1755 2513 potissimum
1789 2466 1894 2502 eum

110 2533 342 2592 reiiciant,
378 2532 451 2578 sin
487 2533 656 2591 minUS,
689 2536 744 2579 ut
775 2532 1043 2592 postulent,
1079 2536 1132 2580 ut
1165 2532 1270 2593 pari
1305 2533 1494 2581 ratione
1526 2532 1767 2594 defendat,
1802 2546 1896 2594 qua

109 2613 211 2672 ipse
234 2612 543 2659 accusaverit.
610 2612 714 2659 Hac
736 2612 984 2660 occasione
1017 2612 1146 2672 data,
1179 2626 1387 2660 summas
1422 2612 1718 2673 singulorum
1751 2627 1895 2674 argu-

108 2693 415 2740 mentationis
449 2692 661 2752 capitum
693 2692 871 2751 repetit
903 2696 975 2751 et,
1010 2706 1103 2752 quo
1137 2692 1302 2740 ordine
1336 2692 1394 2739 de
1428 2692 1501 2741 his
1538 2693 1682 2741 verba
1715 2692 1895 2755 fecerit,

106 2773 155 2821 in
190 2773 467 2821 memoriam
503 2772 710 2821 iudicum
745 2771 922 2832 redigit
954 2771 1002 2833 (ξ
1034 2771 1317 2833 203-204).

234 2852 351 2912 Sed,
399 2858 454 2902 ut
502 2867 589 2901 nos
630 2851 892 2900 referamus
928 2853 990 2901 ad
1039 2853 1157 2901 illud
1191 2867 1248 2901 ex
1282 2853 1399 2914 ipsis
1435 2853 1703 2902 actionibus
1745 2853 1894 2901 viola-

106 2937 266 2980 tarum
298 2933 456 2994 legum
479 2933 739 2994 repetitum
762 2946 830 2992 ae,
865 2947 976 2980 num
1000 2933 1063 2981 ad
1090 2934 1297 2982 iudicum
1317 2934 1502 2981 animos
1526 2934 1894 2983 commovendos

105 3017 428 3074 comparatum
462 3013 623 3074 fucrit,
660 3017 947 3074 reputemuS,
981 3014 1123 3062 valde
1159 3014 1446 3062 mirantibus
1471 3014 1606 3061 nobis
1630 3014 1888 3063 Aeschines

102 3094 203 3156 ipse
236 3095 473 3155 queritur,
519 3095 850 3157 pei-ridiculam
890 3108 995 3144 esse
1038 3099 1187 3145 totam
1230 3095 1491 3156 rationem,
1537 3108 1632 3156 qua
1679 3095 1790 3145 illae
1842 3096 1892 3145 in
