2063 3494
1020 143 1087 192 24

168 302 217 347 et
253 299 485 349 malitiose
516 301 845 362 interpretari,
879 302 1112 362 quomodo
1150 301 1263 349 haec
1299 314 1456 348 rerum
1492 298 1808 361 discrepantia
1841 296 1945 345 tolli

172 381 352 440 possit,
386 382 751 440 magnaexsistit
808 378 1039 442 quaestio.
1104 382 1250 441 Nam,
1290 395 1434 441 quum
1466 394 1618 442 neque
1650 383 1780 443 ipsae
1811 377 1943 437 leges

166 465 386 508 servatae
419 460 539 522 sint,
573 474 724 521 neque
758 466 891 509 certa
924 462 1197 509 testimonia
1234 465 1446 508 veterum
1481 461 1788 520 scriptorum,
1819 470 1943 519 quae

166 539 216 587 in
250 539 438 588 illarum
474 541 648 589 notitia
679 542 1183 611 nitanturuexstent,
1228 541 1341 601 sed,
1389 554 1514 600 quae
1548 554 1577 587 a
1611 540 1851 588 nonnullis
1885 538 1945 585 de

168 618 392 668 hocloco
420 620 757 681 proferuntur,
803 635 860 668 ex
900 622 1198 669 orationibus
1240 621 1459 669 conclusa
1498 620 1772 679 videantur,
1818 617 1945 666 haud

168 713 365 759 parvam
411 699 739 749 difficultatem
785 716 882 749 rem
933 701 1137 761 habere,
1183 705 1397 762 apparet.
1476 701 1585 749 Utri
1634 700 1786 748 maior
1830 698 1947 746 fides

168 779 390 828 habenda
417 780 640 830 vide-tur?
705 782 877 830 Utrum
899 783 1193 842 suspicemur
1219 782 1405 830 artibus
1433 785 1482 829 et
1508 781 1627 829 dolis
1649 794 1789 829 usum
1812 778 1947 828 esse?

168 860 294 930 Nam
327 861 604 922 simpliciter
647 863 941 922 existimare,
972 876 1107 923 quae
1152 863 1363 923 vulgaris
1406 863 1563 923 opinio
1605 863 1664 910 de
1697 861 1946 921 utriusque

97 981 99 983 .
146 945 345 988 vnatura
377 955 433 988 ac
466 942 678 990 moribus
710 949 798 999 est,
844 944 1120 990 Aeschinem
1155 943 1589 990 fraudulentissime
1622 941 1944 990 callidissime·

170 1034 264 1080 que
310 1022 467 1068 omnia
510 1022 558 1069 in
601 1037 697 1070 rem
733 1037 864 1070 suam
910 1023 1189 1082 detorsisse,
1221 1022 1555 1070 Demosthenis
1600 1026 1757 1070 autem
1799 1021 1945 1068 inter-

167 1101 488 1160 pretationem
530 1100 690 1162 legum
727 1102 775 1149 in
820 1102 1089 1150 universum
1135 1107 1311 1150 rectam
1363 1105 1413 1149 et
1457 1115 1617 1149 veram
1661 1115 1792 1161 esse,
1848 1113 1944 1148 non

168 1179 308 1226 modo
342 1180 639 1240 iniquitatis,
684 1183 767 1229 sed
811 1182 1020 1238 levitatis
1065 1183 1207 1229 etiam
1254 1195 1357 1229 esse
1401 1182 1617 1242 videtur,
1661 1181 1941 1241 praesertim

169 1273 313 1319 quum
364 1260 412 1307 in
462 1261 706 1321 superiore
753 1264 1169 1323 argumentatione
1219 1263 1295 1310 hic
1352 1262 1529 1310 fraudis
1578 1263 1641 1309 sit
1689 1262 1942 1309 convictus,

168 1340 335 1401 Itaque
370 1340 487 1389 nihil
521 1342 824 1403 relinquitur,
869 1344 959 1391 nisi
993 1348 1046 1391 ut
1085 1344 1236 1403 ipsam
1282 1342 1737 1403 argumentationem
1766 1341 1941 1389 utrius-

167 1433 258 1479 que
311 1421 631 1470 examinemus
675 1436 733 1471 ac
776 1428 1151 1483 perscrutemur,
1199 1424 1238 1471 si
1289 1424 1379 1471 hac
1429 1422 1614 1470 ratione
1658 1435 1735 1470 res
1779 1420 1942 1469 confici

167 1500 334 1560 possit.
401 1500 491 1548 Sed
525 1507 668 1550 antea
697 1503 879 1563 placet,
913 1504 1122 1551 virorum
1156 1504 1402 1552 doctorum
1433 1502 1694 1550 sententias
1727 1502 1941 1549 diversas

168 1580 435 1629 ostendere.
502 1582 572 1630 Ac
592 1587 781 1632 veteres
802 1584 990 1643 quidem
1024 1598 1200 1644 omnes,
1235 1585 1393 1644 quoad
1418 1583 1633 1643 equidem
1657 1594 1940 1641 cognoscere

167 1663 318 1722 potui,
351 1661 476 1709 inter
497 1675 547 1710 se
572 1664 891 1724 consentiunt,
924 1677 1083 1711 veram
1111 1665 1299 1712 omnino
1321 1664 1476 1724 legum
1500 1662 1940 1723 interpretationem

166 1741 294 1801 apud
342 1742 620 1790 Aeschinem
668 1744 893 1803 inveniri,
942 1745 1069 1805 apud
1118 1744 1482 1792 Demosthenem
1534 1742 1718 1791 falsam.
1797 1742 1941 1790 Velut

166 1822 343 1883 legitur
376 1823 423 1869 in
459 1823 532 1882 iis,
565 1837 689 1884 quae
707 1824 889 1884 aliquis
915 1825 1256 1890 grammaticus
1285 1825 1346 1872 ad
1371 1824 1494 1872 hanc
1516 1824 1777 1871 orationem
1801 1836 1939 1884 prae-

168 1901 298 1951 fatus
334 1907 430 1951 est:
482 1908 819 1966 »Μέμφονται
850 1911 1019 1966 μέντοι
1053 1908 1180 1960 τινὲς
1219 1905 1309 1951 τὸν
1340 1904 1597 1967 Αἰσχίνην,
1632 1902 1708 1951 ὅτι
1741 1902 1828 1951 οὐκ
1862 1904 1937 1950 ἐν·

166 1984 422 2050 διέτριψεν
456 1984 511 2030 ἐν
543 1987 614 2044 τῷ
644 1983 947 2046 παρανόμῳ,
992 1985 1120 2032 duo?
1152 1986 1235 2032 καὶ
1278 1987 1363 2047 τῆς
1403 1985 1655 2039 πολιτείας
1681 1987 1946 2045 κατηγορεῖ

165 2067 256 2110 τοῦ
285 2068 667 2126 Δημοσθένους,
717 2065 875 2120 καλῶς
907 2065 1330 2125 πεπολιτευμένου
1373 2068 1463 2111 τοῦ
1494 2062 1719 2124 α’νδρός<<.
1785 2064 1937 2112 Porro

165 2146 267 2193 vice
315 2158 453 2192 versa
499 2145 558 2192 de
610 2145 927 2193 Demosthene
973 2146 1200 2205 scriptum
1241 2149 1317 2193 est
1357 2145 1405 2191 in
1439 2146 1523 2205 iis,
1568 2158 1691 2204 quae
1731 2145 1938 2191 secundo

164 2225 266 2273 loco
299 2225 401 2272 eius
436 2225 643 2272 orationi
676 2225 817 2285 vulgo
852 2226 1244 2286 praemittuntur:
1292 2224 1454 2280 »Τούς
1495 2227 1590 2285 μὲν
1633 2224 1725 2318 γαρ
1764 2221 1942 2280 ἄλλους

166 2306 258 2353 δύο
291 2305 485 2367 νόμους,
518 2304 607 2353 τόν
641 2323 697 2352 τε
726 2309 825 2353 τῶν
853 2302 1157 2353 ὑπευθύνων
1186 2306 1269 2353 καὶ
1301 2307 1389 2353 τὼ
1406 2307 1498 2353 τοῦ
1527 2303 1845 2368 κηρύγματος,
1872 2304 1941 2361 εἰς

164 2388 222 2433 τὸ
255 2394 411 2448 (ιε’σον
452 2389 544 2434 τοῦ
586 2386 730 2448 λόγου
774 2388 1050 2453 α’πέρριψε,
1093 2388 1421 2450 στρατηγικῶς
1460 2386 1639 2443 κακούς
1684 2385 1752 2442 εἰς
1784 2392 1942 2448 μέσον

164 2467 363 2527 ἐλάσας,
396 2471 467 2529 τῷ
489 2470 546 2516 δὲ
576 2469 883 2529 ἰσχυροτατω
917 2469 984 2524 εἰς
1005 2487 1068 2515 τα
1096 2464 1226 2530 ἄκρα
1245 2474 1622 2530 προσκέχρηται,
1655 2485 1713 2514 το
1738 2468 1940 2528 σαθρὸν

165 2553 266 2596 ‘cah
296 2545 461 2596 ἄλλου
497 2550 552 2605 ἐξ
582 2549 813 2610 ἑκατερου
847 2547 1075 2610 ῥωι1υς<<.
1141 2549 1206 2596 Et
1226 2548 1400 2596 ibidem
1419 2548 1563 2609 paulo
1584 2547 1733 2595 infra·
1765 2546 1940 2610 »Κεφα

164 2631 303 2677 λαιον
337 2630 399 2676 δέ
428 2630 619 2691 ἰςχυρόν
653 2632 723 2690 τῷ
753 2634 846 2690 μὲν
870 2629 1078 2692 Αἰσχίνῃ
1101 2629 1158 2676 τό
1183 2628 1408 2691 νόμιμον,
1437 2631 1506 2689 τῷ
1537 2628 1594 2675 δὲ
1627 2626 1793 2692 ῥήτορι
1825 2629 1875 2690 (i.
1900 2642 1940 2676 e.

164 2710 497 2772 Demostheni)
548 2711 607 2758 τό
655 2702 890 2759 δίκαιον<<.
985 2710 1138 2769 Quid?
1194 2710 1321 2772 quod
1383 2714 1523 2759 vetus
1582 2714 1831 2758 enarrator
1875 2710 1938 2759 ad

165 2793 370 2841 Theonis
402 2795 830 2854 progymnasmata
864 2805 964 2852 cap.
998 2791 1079 2839 IV.
1113 2792 1235 2839 med.
1262 2793 1301 2852 ¹)
1335 2792 1564 2840 adnotat:
1608 2790 1815 2839 Εἰδέναι
1846 2791 1940 2851 δεῖ,

163 2872 238 2922 ὅτι
270 2874 360 2921 οὐκ
382 2874 462 2920 αἐὶ
489 2875 820 2936 φροντιοῦμεν
841 2875 926 2935 τῆς
946 2876 1235 2935 σαφηνείας,
1270 2873 1398 2919 α’λλοὲ
1430 2875 1603 2935 σαφῶς
1618 2876 1712 2933 μὲν
1735 2873 1943 2934 ἐροῦμεν

161 2947 288 3016 ’ὑπὲρ
322 2956 476 3018 ἡμῶν,
508 2954 719 3017 α’σαφῶς
754 2954 811 3001 δὲ
844 2953 904 3000 τά
939 2953 1058 3001 καί)>
1096 2954 1251 3017 ἡμῶν,
1284 2951 1456 3015 ὥσπερ
1499 2954 1581 3001 καὶ
1614 2956 1942 3016 Δημοσθένης

272 3136 313 3180 1)
343 3134 479 3186 WalZ,
505 3135 695 3175 rhet-ores
720 3134 879 3186 Graeci,
907 3135 985 3176 vol.
1018 3134 1050 3186 I,
1080 3147 1120 3185 p.
1151 3135 1238 3174 260.
