2063 3494
987 135 1060 185 40

816 211 927 218 ...—
1149 208 1243 218 —.....

865 316 1030 398 Caput
1060 313 1201 365 VIII.

373 428 495 479 lle
526 430 855 483 secunda
891 430 1221 483 eiusdem
1254 426 1400 480 loci
1432 429 1672 492 parte.

266 551 494 600 Venimus
526 566 655 601 nunc
687 554 749 601 ad
780 555 985 602 alteiam
1011 555 1146 603 huius
1168 554 1337 615 capitis
1362 557 1565 614 partem,
1596 567 1707 622 qua,
1740 554 1913 601 Demo-

136 631 353 679 sthenem
376 633 582 692 pessime
601 635 940 695 rempublicam
965 636 1185 695 gessisse,
1219 634 1476 683 Aeschines
1498 634 1705 694 probare
1733 633 1912 682 studet.

136 711 193 758 In
230 724 324 771 qua
358 726 503 773 quum
547 726 732 761 summa
752 715 916 762 ‘totius
948 728 1119 763 causae
1163 715 1320 775 posita
1363 714 1449 774 sit,
1496 727 1588 761 non
1629 713 1794 761 statim
1847 712 1910 759 ad

135 803 238 837 rem
278 791 433 850 ipsam
476 793 780 852 aggreditur,
841 794 924 841 sed
980 798 1123 841 antea
1179 793 1439 841 artificioso
1492 793 1628 852 quasi
1672 792 1912 852 prooemio

135 874 375 918 recentem
427 872 614 920 aditum
668 872 731 920 ad
782 874 1096 921 attentionem
1144 878 1194 921 et
1237 873 1528 926 docilitatem
1573 872 1778 920 iudicum
1822 870 1911 919 sibi

132 949 404 1008 patefacere
435 955 648 999 conatur.
714 952 786 999 Ne
817 952 942 1000 enim
972 951 1022 999 hi
1046 952 1105 1000 de
1130 953 1274 999 nimia
1308 953 1594 1000 narrationis
1617 952 1911 1012 longitudine

136 1030 338 1077 timeant
387 1056 449 1064 —
498 1030 578 1078 diu
625 1035 788 1078 autem
841 1032 1134 1092 multumque
1177 1032 1524 1080 Demosthenes
1576 1033 1622 1080 in
1672 1030 1912 1092 republica

113 1115 354 1157 ‚versat-us
400 1114 503 1159 erat
545 1138 608 1144 —
638 1125 797 1160 rerum
844 1112 1149 1172 partitionem
1191 1113 1240 1160 in
1278 1116 1489 1173 quatuor
1521 1116 1708 1161 aetates
1752 1111 1911 1159 distri-

132 1189 297 1241 butam
330 1191 575 1251 proponit,
618 1205 737 1252 qua,
781 1192 970 1252 quando
1000 1206 1113 1253 pars
1159 1206 1371 1253 quaeque
1404 1192 1543 1241 finem
1577 1193 1642 1240 sit
1674 1192 1908 1251 habitura,

129 1270 429 1329 praesentire
470 1271 671 1332 possint.
747 1272 847 1329 Qua
884 1286 960 1333 re,
1008 1273 1088 1332 qui
1123 1272 1347 1332 audiunt,
1396 1285 1545 1331 aeque
1585 1270 1709 1319 affici
1740 1271 1909 1329 solent,

132 1353 276 1409 atque
311 1351 370 1410 ii,
416 1351 497 1412 qui
529 1350 725 1411 longum
758 1351 852 1399 iter
883 1351 1090 1412 faciunt,
1140 1352 1466 1400 milliariorum
1508 1350 1908 1412 inscriptionibus,

131 1429 261 1477 Nihil
295 1431 419 1478 enim
453 1431 640 1491 longius
675 1445 780 1479 esse
815 1432 1023 1492 videtur,
1060 1432 1190 1480 cuius
1225 1431 1338 1492 quid
1370 1436 1631 1480 extremum
1665 1432 1749 1492 sit,
1777 1431 1907 1479 haud

131 1510 326 1569 ignores
347 1509 409 1572 ¹).
474 1511 540 1559 Et
571 1512 672 1559 iure
702 1512 815 1559 dicit
851 1510 1014 1559 Cicero
1033 1513 1100 1572 2);
1140 1512 1314 1559 »Recte
1342 1511 1504 1559 habita
1535 1511 1583 1558 in
1617 1525 1762 1559 causa
1795 1524 1907 1571 par-

131 1589 263 1650 titio,
323 1590 557 1639 illustrem
607 1595 657 1639 et
703 1591 1002 1651 perspicuam
1054 1595 1205 1638 totam
1253 1590 1397 1638 efficit
1446 1575 1756 1639 orationem«.
1843 1590 1908 1637 Et

129 1684 274 1730 porro
294 1668 368 1732 3);
407 1686 494 1719 »ex
528 1685 624 1732 qua
656 1670 917 1730 conficitur,
953 1675 1005 1720 ut
1038 1676 1196 1720 certas
1218 1671 1375 1719 animo
1408 1685 1483 1719 res
1508 1674 1671 1719 teneat
1696 1670 1904 1732 auditor,

130 1750 302 1811 quibus
335 1751 475 1800 dictis
509 1751 748 1813 intelligat
780 1751 881 1800 fore
913 1756 1232 1813 peroratum«.
1313 1751 1514 1811 Quodsi,
1557 1752 1703 1813 ipsius
1735 1752 1906 1800 Demo-

128 1830 311 1879 sthenis
346 1836 469 1880 hanc
499 1833 806 1893 partitionem
840 1846 974 1892 esse,
1023 1832 1284 1881 Aeschines
1326 1833 1463 1892 dicit,
1513 1847 1607 1880 non
1651 1832 1906 1880 verisimile

132 1915 229 1970 est,
268 1910 398 1959 illum
432 1911 491 1959 de
526 1927 578 1960 re
611 1917 711 1960 tam
742 1913 872 1961 tenui
906 1926 963 1961 ac
996 1912 1087 1960 levi
1122 1913 1402 1972 minimeque
1437 1912 1498 1960 ad
1531 1926 1607 1960 res
1638 1912 1766 1972 ipsas
1797 1926 1907 1973 per·

132 1991 307 2039 tinenti
339 1991 516 2053 aliquid
548 1992 967 2053 praesignificasse,
997 1992 1046 2040 id
1081 1992 1205 2052 quod
1229 1992 1596 2041 Westermanno
1617 1990 1667 2054 ⁴)
1699 1992 1905 2052 videtur,

129 2072 216 2119 sed
261 2072 422 2133 potius
457 2073 746 2121 assentimur
780 2072 1058 2134 Schaefero,
1104 2074 1277 2134 qui⁵),
1324 2073 1373 2120 id
1419 2072 1580 2121 fictum
1622 2086 1902 2133 omnemque

128 2151 253 2199 hanc
285 2153 519 2201 rationem
554 2153 668 2200 nihil
702 2153 794 2200 nisi
818 2152 1018 2213 figuram
1050 2153 1289 2213 quandam
1317 2153 1542 2200 orationis
1573 2166 1692 2211 esse,
1726 2157 1903 2201 censet.

126 2231 259 2281 Idem
282 2233 431 2281 sentit
454 2236 590 2282 vetus
605 2238 871 2294 enarrator,
893 2247 1040 2294 quum
1064 2233 1179 2282 dicit
1197 2231 1271 2296 ⁶):
1299 2237 1609 2295 »Χαρὶέντως
1627 2233 1654 2280 ὁ
1671 2232 1906 2296 Αἶςχίνης,

72 2329 77 2331 “
128 2311 204 2360 ὅτι
236 2314 441 2374 διαιρῶν
483 2313 575 2377 τήν
604 2318 899 2376 κατηγορίαν
945 2313 1012 2368 εἰς
1050 2314 1164 2369 τούς
1204 2320 1452 2375 τέσσαρας
1495 2313 1691 2375 καιρούς
1722 2316 1811 2374 οὐχ
1841 2314 1905 2369 ὥς

126 2394 278 2448 αὐτός
308 2393 496 2456 ταύτην
526 2394 821 2455 ποιούμενος
852 2397 945 2456 τήν
975 2395 1221 2455 διαίρεσιν
1253 2397 1338 2457 τῆς
1368 2398 1658 2457 κατηγορίας
1685 2398 1905 2441 ποιεῖται

125 2474 215 2520 τὸν
255 2472 426 2535 λόγον,
477 2475 585 2522 ἄλλ’
632 2475 694 2530 ὥς
725 2477 816 2522 τοῦ
847 2478 1205 2537 Δημοσθένους
1236 2480 1489 2536 χρωμένου
1520 2473 1678 2537 ταύτῃ
1711 2476 1774 2536 τῇ
1804 2476 1905 2521 τῶν

125 2557 308 2615 καιρῶν
356 2556 598 2616 διαρέσει,
662 2555 744 2603 ἵνα
804 2556 831 2603 o‘
890 2555 1031 2616 λόγος
1078 2556 1218 2603 αὐτῶ
1269 2555 1616 2617 &remmom-og
1662 2563 1902 2617 γένηταια.

126 2635 262 2692 Quod
289 2640 450 2683 autem
483 2635 549 2695 is,
600 2650 659 2683 ex
703 2636 790 2684 hac
833 2650 975 2684 causa
1007 2636 1287 2684 Aeschinem
1331 2635 1461 2683 illam
1501 2635 1806 2695 partitionem
1836 2634 1901 2683 ad

123 2716 490 2765 Demosthenem
520 2716 763 2776 retulisse,
796 2731 856 2764 ne
889 2716 978 2765 sibi
1008 2730 1066 2764 ea
1098 2716 1332 2763 invidiosa
1366 2718 1516 2776 esset,
1558 2714 1723 2773 addit,
1766 2716 1901 2763 nobis

123 2799 279 2847 minus
311 2798 493 2859 placet,
536 2797 620 2846 sed
652 2797 997 2857 existimamus,
1043 2796 1174 2844 illum
1220 2800 1475 2856 propterea
1521 2810 1625 2844 eam
1668 2795 1901 2844 rationem

231 2994 268 3043 1)
299 2991 350 3033 cf.
381 2990 574 3040 Quinctil.
606 2990 680 3039 IV,
736 2991 879 3042 ,22-
882 2989 933 3028 23
963 2993 1004 3028 et
1032 2987 1280 3028 Volkmann.
1308 2999 1348 3038 p.
1380 2987 1443 3027 65.
1520 2986 1565 3034 2)
1595 2983 1647 3025 de
1670 2984 1750 3025 inv.
1779 2984 1812 3034 I,
1839 2987 1903 3033 22,

121 3058 169 3097 31
213 3058 301 3097 init.
378 3058 417 3107 3)
458 3055 556 3096 ibid.
596 3055 701 3096 med.
782 3055 821 3105 4)
861 3053 904 3094 in
941 3053 1084 3095 libello
1130 3052 1206 3104 ,de
1244 3052 1465 3093 Aeschinis
1505 3051 1548 3091 in
1589 3048 1901 3101 Ctesiphontem

121 3122 331 3163 oratione«
366 3122 574 3171 inscripto.
648 3122 692 3171 5)
722 3120 799 3167 ΙΙΙ,
828 3124 929 3170 part.
963 3119 1015 3172 11,
1046 3132 1086 3170 p.
1116 3122 1178 3160 77.
1252 3119 1292 3168 6)
1322 3117 1373 3157 ad
1402 3117 1426 3168 S
1456 3116 1505 3157 54
1534 3116 1616 3155 hui.
1648 3119 1749 3156 orat.
