2063 3494
929 141 1000 192 47

85 330 171 365 nec
201 307 402 368 insignis
435 302 715 362 improbitas
747 307 797 350 et
827 302 1004 351 scelere
1038 302 1201 349 iuncta
1243 315 1329 350 nec
1357 316 1523 350 rursus
1556 303 1744 353 miseria
1776 306 1848 354 in-

84 393 232 454 signis
277 387 462 446 agitata
505 382 702 430 ridetur.
789 382 1101 430 Facinorosos
1144 382 1322 429 maiore
1367 383 1573 442 quadam
1619 384 1665 431 vi
1708 399 1848 445 quam

83 468 265 522 ridiculi
298 463 536 514 vulnerari
569 461 779 509 volunt«.
844 461 1053 509 Maxime
1087 464 1251 509 orator
1281 462 1545 510 inversione
1579 464 1847 526 verborum,

82 564 223 612 quum
257 544 496 593 contraria
527 541 744 622 dicuntur
776 554 832 588 ac
864 542 1039 588 sentias
1058 541 1110 600 ¹),
1143 554 1258 588 usus
1290 546 1377 602 est,
1410 542 1548 603 idque
1567 543 1614 590 in
1638 549 1846 603 quatuor

84 629 222 686 lociS,
267 637 465 685 quorum
498 622 700 681 primum
732 619 931 680 legimus
965 622 1014 668 in
1050 620 1075 681 ξ
1111 624 1193 668 73;
1245 620 1305 680 ,,ό
1334 621 1427 681 γάρ
1460 623 1849 683 μισαλέξανδρος

81 710 161 756 καὶ
195 703 610 767 μισοφίλιπποξζ,
657 701 910 750 secundum
944 702 992 749 in
1026 701 1051 763 ἓ
1085 706 1167 749 84;
1203 703 1342 762 ,,ναὶ,
1377 703 1507 750 α’λλᾶ
1539 704 1735 763 χαλκοῖς
1764 707 1847 753 καὶ

81 788 436 848 ἀδαμαντίνοις
483 784 754 841 τει’χεσιν“,
829 782 907 829 ubi
955 782 1168 829 additum
1218 786 1291 830 est
1345 782 1444 842 „aig
1486 783 1636 838 αὐτός
1683 787 1848 847 φησιιι,

83 868 276 915 tertium
307 865 355 910 in
375 864 401 922 ξ
421 867 504 909 92;
537 862 679 920 »ἄλλ’
711 863 739 909 ὁ
769 862 1121 927 μισοτύρᾳννος
1153 865 1524 924 Δημοσθένηςζι,
1560 865 1639 911 ubi
1673 866 1845 912 iterum

80 947 290 994 additum
323 947 397 989 est
429 941 523 1001 »ὥς
555 942 704 996 αὐτὸς
735 944 1120 1005 προςπορεῖταιζζ,
1152 948 1377 1001 quartum
1408 944 1504 1003 in§
1533 948 1649 991 100:
1681 945 1849 1003 „noc‘vv

80 1026 172 1086 γοὶρ
204 1024 305 1070 ἔδει
337 1023 629 1085 δεηθῆναι“.
694 1022 883 1069 Festiva
911 1024 1024 1069 'vero
1047 1026 1096 1069 et
1119 1020 1358 1082 perfaceta
1388 1026 1463 1070 est
1491 1024 1636 1089 ratio,
1669 1039 1764 1085 qua
1795 1026 1844 1073 in

82 1105 136 1165 ἐξ
165 1106 412 1150 159-160
439 1106 630 1160 narrat,
664 1101 1028 1149 Demosthenem
1062 1102 1317 1149 secundum
1350 1102 1477 1149 illam
1514 1103 1692 1150 cladem
1726 1105 1849 1152 timi-

82 1184 323 1230 dissimum
357 1195 631 1243 summoque
663 1195 839 1240 pavore
873 1185 1169 1240 occupatum,
1205 1181 1422 1241 Philippo
1453 1187 1615 1229 autem
1645 1188 1846 1245 mortu0,

80 1277 221 1324 quum
244 1275 381 1310 omne
399 1261 660 1322 periculum
685 1261 922 1309 sublatum
948 1274 1051 1309 esse
1086 1251 1377 1322 opinaretur,
1409 1261 1667 1320 gloriosum
1702 1263 1846 1312 fuisse

81 1358 136 1390 ac
170 1344 230 1390 de
254 1342 522 1389 Alexandro
549 1343 619 1404 ita
644 1343 831 1401 dixisse,
864 1346 918 1389 ut
950 1342 1025 1389 hic
1058 1346 1325 1389 contemtus
1352 1342 1661 1403 abiectusque
1694 1344 1848 1405 homo,

79 1426 178 1484 ipse
213 1431 372 1471 autem
405 1421 688 1471 fortissimus
724 1437 829 1470 esse
863 1422 1120 1470 videretur.

202 1504 460 1550 Praeterea
513 1503 884 1562 digressionibus
947 1508 996 1549 et
1054 1503 1302 1550 sententiis
1357 1503 1598 1561 ingeniose
1652 1505 1848 1552 intextis

79 1583 332 1632 Aeschines
366 1597 459 1631 non
483 1583 624 1631 modo
652 1583 857 1631 orationi
887 1582 1184 1643 splendorem
1210 1583 1442 1643 quendam
1472 1583 1636 1632 attulit
1671 1589 1720 1632 et
1751 1585 1844 1632 vim

80 1677 134 1709 ac
169 1676 340 1710 nervos
374 1663 583 1722 addidit,
618 1663 703 1710 sed
738 1664 883 1710 etiam
916 1662 1053 1709 fidem
1086 1663 1233 1710 totius
1268 1664 1556 1711 narrationis
1589 1664 1736 1711 auxit.
1789 1666 1845 1712 In

80 1743 468 1803 praeclarissimis
522 1743 941 1804 pulcherrimisque
992 1743 1132 1790 huius
1187 1744 1418 1791 orationis
1470 1744 1583 1792 locis
1631 1744 1711 1792 ille
1756 1749 1849 1804 est,

80 1838 217 1884 quem
253 1824 300 1871 in
336 1824 395 1886 ἐξ
427 1827 671 1872 132—134
703 1824 924 1884 legimuS,
969 1823 1072 1884 ubi,
1108 1836 1230 1884 quae
1264 1826 1376 1871 tunc
1409 1828 1516 1871 erat
1548 1828 1709 1885 aetaS,
1742 1838 1846 1873 cum

81 1906 291 1964 pristinis
327 1905 616 1964 temporibus
651 1910 966 1964 comparatur,
999 1909 1047 1952 et
1067 1905 1310 1951 verissima
1346 1905 1500 1962 imago
1532 1908 1842 1965 utrorumque

79 1985 241 2044 paucis
273 1985 487 2045 quidem,
523 1985 605 2032 sed
638 1983 1039 2044 significantibuS,
1081 1988 1323 2043 tamquam
1357 1984 1658 2033 lineamentis
1684 1986 1846 2046 'expri-

81 2065 238 2112 mitur.
316 2064 535 2112 Ostendit
578 2065 701 2111 enim
745 2067 929 2123 orator,
977 2068 1160 2123 quanta
1202 2064 1418 2123 potentia
1463 2068 1511 2112 et
1556 2066 1845 2114 auctoritate

63 2145 187 2192 olim
222 2159 306 2193 rex
332 2145 585 2193 Persarum
620 2148 669 2192 et
699 2144 819 2192 aliae
854 2143 1082 2192 Graeciae
1113 2144 1327 2192 civitates
1371 2150 1419 2192 et
1460 2146 1593 2205 ipsae
1627 2147 1842 2195 Athenae

79 2226 350 2287 floruerint,
394 2240 536 2286 quam
577 2229 736 2273 autem
777 2224 964 2273 afflictis
999 2238 1054 2272 ac
1096 2225 1297 2285 perditis
1332 2226 1474 2274 rebus
1520 2231 1632 2274 tunc
1669 2227 1846 2274 tuerint

76 2306 167 2354 hae
186 2320 359 2355 omneS.
426 2306 558 2363 Quae
579 2319 658 2353 res
683 2318 827 2365 quum
854 2306 960 2365 ipsa
982 2318 1066 2365 per
1092 2318 1144 2353 se
1174 2305 1234 2352 ad
1266 2306 1448 2354 animos
1473 2305 1841 2368 Atheniensium,

79 2401 195 2448 quos
221 2388 392 2436 scimus
420 2387 600 2447 gloriae
634 2390 778 2446 atque
808 2386 990 2446 imperii
1018 2399 1200 2447 semper
1234 2388 1651 2447 appetentissimos
1686 2389 1844 2449 fuisse,

80 2465 435 2515 commovendos
469 2467 772 2514 accomodata
815 2471 966 2525 esset,
1009 2471 1111 2513 tum
1154 2467 1232 2514 ille
1273 2471 1456 2514 tantam
1495 2469 1842 2516 sententiarum

79 2550 363 2609 gravitatem
396 2562 452 2595 ac
484 2549 781 2595 maiestatem
825 2546 1073 2595 verborum
1118 2548 1365 2608 assumsit,
1411 2552 1466 2596 ut
1512 2548 1584 2596 vel
1629 2549 1841 2609 legentes

77 2643 162 2678 nos
196 2643 291 2678 non
322 2628 463 2677 modo
497 2641 682 2676 summa
715 2627 1027 2676 delectatione
1073 2628 1325 2689 orationis,
1377 2628 1459 2676 sed
1503 2630 1671 2688 etiam,
1718 2629 1842 2689 quod

78 2711 141 2759 ad
174 2725 251 2759 res
283 2711 482 2770 attinet,
526 2723 667 2757 sensu
711 2709 914 2769 quodam
946 2708 1121 2756 doloris
1161 2708 1508 2769 perfundamur.
1576 2710 1698 2767 Quid
1731 2724 1840 2758 vero

76 2791 252 2840 iudices
285 2792 439 2852 ipsum
468 2795 708 2841 oratorem
742 2790 1023 2837 audientes?
1072 2789 1197 2845 Quos
1243 2795 1417 2849 quanto
1459 2792 1610 2849 magis
1641 2790 1841 2838 affectos

76 2885 177 2919 esse
210 2874 468 2932 putemus?
533 2870 669 2930 Quid,
705 2868 830 2929 quod
864 2871 1253 2916 commutatatum
1279 2883 1436 2916 rerum
1461 2869 1643 2929 culpam
1668 2871 1843 2918 Demo-

78 2952 231 3000 stheni
276 2952 498 3000 attribuit
550 2955 695 3011 atque
744 2950 791 2997 in
839 2949 938 2997 eius
991 2954 1209 2997 naturam
1258 2950 1562 3010 gravissimos
1614 2951 1841 3012 quosdam
1906 2944 1909 2947 '

183 3124 223 3169 1)
255 3120 313 3159 Cf.
347 3119 429 3158 Cic.
459 3119 509 3158 de
540 3124 640 3158 orat.
671 3119 717 3167 ll,
747 3118 959 3167 65„et„67,
991 3116 1081 3153 269.
