2063 3494
1006 85 1071 136 19

155 249 328 310 »Atqui
358 245 701 295 Demosthenes
739 249 848 312 erat
891 245 1026 305 operi
1068 243 1252 304 publico
1287 242 1600 304 praefectus«.
1667 245 1917 294 Conclusio

148 328 413 390 supplenda
446 329 522 375 est
553 326 694 374 haec:
742 325 900 385 »Ergo
943 324 1155 372 habebat
1194 322 1537 371 Demosthenes
1578 324 1654 372 ius
1700 338 1919 373 exercen-

152 410 323 458 dorum
352 406 675 456 iudiciorum«.
751 404 1031 465 Principalis
1076 407 1238 451 autem
1282 403 1645 464 enthymematis
1682 406 1919 455 conclusio

149 490 267 537 haec
313 491 388 535 est
426 484 710 547 supplenda:
775 484 901 544 Ergo
951 483 1296 531 Demosthenes
1353 484 1661 543 magistratus
1719 491 1824 533 erat
1871 492 1920 534 et

150 569 357 617 rationes
401 566 446 615 ei
485 568 627 614 erant
669 563 961 621 referendae.
1040 563 1147 612 Toti
1198 563 1398 624 denique
1456 563 1795 625 enthymemati
1838 566 1921 614 ad-

149 648 358 697 hortatio
390 646 599 695 iudicum
634 642 777 692 affixa
808 648 907 705 est,
953 657 1013 691 ne
1047 643 1107 691 ab
1145 643 1263 703 illis,
1308 656 1430 704 quae
1472 643 1533 691 ad
1578 645 1828 694 veritatem
1858 648 1919 695 ab

151 732 341 775 oratore
374 726 589 786 exposita
622 727 795 784 essent,
829 724 968 783 quasi
1000 723 1272 783 praestigiis
1307 723 1589 783 quibusdam
1615 729 1666 772 et
1694 728 1922 786 captioni-

149 807 239 854 bus
278 792 661 854 adversariorum
705 803 1080 864 depellerentur,
1124 808 1274 862 atque
1315 807 1370 851 ut
1411 817 1469 851 ne
1515 804 1682 852 audire
1726 806 1919 865 quidem

149 887 267 935 talia
295 885 483 945 vellent,
512 883 599 932 sed
631 884 760 944 ipsas
795 884 925 944 leges
958 883 1228 942 objicerent.

112 967 121 970 ’“
277 965 500 1026 Sequitur
549 964 831 1025 epichirema
854 962 914 1025 Ι).
1009 962 1163 1020 Quum
1212 966 1369 1011 autem
1426 962 1726 1024 enthymema
1766 964 1814 1012 in
1865 980 1919 1013 eo

149 1046 351 1094 maxime
384 1048 614 1105 versetur,
647 1049 701 1093 ut
734 1058 803 1106 ea,
840 1057 960 1105 quae
995 1043 1255 1110 adversarii
1288 1047 1453 1092 contra
1483 1044 1772 1104 disputaturi
1806 1046 1917 1106 sint,

149 1125 479 1185 Demostheni,
514 1125 640 1185 quod
671 1138 765 1173 non
797 1125 1133 1184 magistratum
1164 1128 1373 1184 gereret,
1417 1124 1501 1171 sed
1538 1129 1622 1172 aut
1656 1126 1919 1175 ministerio

150 1207 355 1267 quodam
397 1204 670 1264 fungeretur
702 1208 806 1252 -aut
849 1205 1172 1265 procurationi
1228 1204 1409 1252 cuidam
1465 1204 1734 1265 praefectus
1778 1212 1916 1267 esset,

149 1286 357 1334 rationes
391 1284 668 1333 referendas
699 1298 794 1332 non
823 1284 985 1345 fuisse,
1018 1283 1288 1344 refutentur
1321 1287 1369 1332 et
1402 1288 1561 1332 tamen
1585 1286 1918 1345 magistratum

146 1367 351 1427 gessisse
369 1366 504 1413 illum
527 1365 765 1426 probetur,
798 1365 1131 1425 epichiremate
1158 1365 1388 1412 refellitur
1411 1365 1666 1413 eorundem
1692 1368 1919 1427 excepti0,

149 1446 276 1508 quod
306 1459 364 1494 ex
396 1446 494 1494 suis
525 1445 726 1506 largitus
759 1448 900 1506 esset,
934 1444 1040 1492 ideo
1062 1444 1371 1492 Demostheni
1404 1445 1613 1493 rationes
1648 1459 1739 1494 non
1772 1446 1920 1504 fuisse

152 1526 437 1580 referendas„
503 1526 767 1585 Propositio
785 1526 901 1572 haec
923 1530 1022 1573 est:
1050 1525 1268 1584 »OmneS,
1292 1526 1371 1584 qui
1390 1526 1605 1584 quamvis
1634 1527 1920 1586 reipublicae

150 1609 335 1667 partem
367 1605 719 1665 administrant,
754 1604 964 1653 rationes
996 1603 1172 1652 referre
1207 1618 1398 1653 necesse
1422 1609 1511 1666 est,
1542 1605 1731 1654 etiarnsi
1767 1605 1920 1655 nullas

150 1686 375 1747 pecunias
408 1685 621 1747 publicas
652 1685 942 1746 acceperint,
987 1684 1069 1733 sed
1114 1684 1172 1732 de
1203 1685 1299 1732 suis
1343 1685 1504 1745 largiti
1547 1686 1657 1733 sint.
1693 1685 1739 1745 (ξ
1778 1690 1833 1733 17
1867 1694 1919 1735 et

153 1767 180 1827 g
208 1765 306 1827 22).
373 1766 504 1823 Quae
527 1766 824 1825 approbatur
848 1766 991 1813 variis
1010 1766 1247 1825 exemplis.
1285 1765 1331 1825 (ξ
1365 1767 1577 1825 18—20).
1642 1767 1920 1827 Assumptio

151 1846 405 1907 praecipue
463 1845 617 1893 verbis
661 1848 1024 1907 »Δημοσθένην
1068 1845 1158 1891 τόν
1216 1843 1503 1906 συλλήβδην
1565 1845 1774 1901 ἁπάσας
1830 1847 1922 1903 τάς

148 1924 411 1990 Ἀθήνησιν
457 1925 613 1987 ἀρχάς
659 1921 905 1986 ἄρχονται
954 1925 1223 1972 continetur
1270 1924 1322 1987 (ἓ
1367 1927 1426 1972 26
1469 1924 1581 1985 fin),
1640 1926 1919 1986 quibuscum

151 2007 394 2067 sequentis
414 2005 703 2066 paragraphi
726 2006 871 2053 verba
905 2006 1015 2051 »καὶ
1037 2006 1101 2051 τά
1127 2004 1345 2067 δημόσια
1375 2004 1604 2067 χρήματα
1637 2006 1915 2069 διεχει’ριζε«

151 2088 371 2147 coniungi
401 2092 624 2147 possunt:
672 2086 848 2147 »Atqui
878 2086 1218 2135 Demosthenes
1251 2100 1403 2147 paene
1435 2100 1599 2136 omnes
1632 2091 1796 2149 partes
1829 2089 1920 2138 rei-

151 2168 368 2229 publicae
417 2172 467 2215 et
511 2167 736 2228 pecunias
787 2167 999 2228 publicas
1048 2167 1461 2215 administrabat«.
1543 2168 1838 2228 Approbatio
1873 2175 1921 2217 et

151 2248 390 2295 conclusio
437 2261 535 2294 una
578 2248 828 2295 verborum
872 2247 1190 2307 complexione
1231 2247 1708 2307 comprehenduntur.
1774 2250 1920 2297 Ante-

152 2326 278 2375 cedit
309 2331 470 2374 autem
512 2327 776 2376 conclusio:
825 2326 980 2386 »Ergo
1015 2326 1319 2374 Demostheni
1364 2327 1572 2376 rationes
1622 2333 1760 2377 erant
1802 2328 1923 2378 refe-

152 2406 371 2454 rendae«.
440 2407 557 2455 Tum
589 2407 891 2468 approbatio:
928 2407 1081 2454 »Nam
1116 2411 1306 2454 curator
1342 2407 1660 2455 theoricorum
1693 2412 1742 2456 et
1773 2410 1923 2457 muris

150 2486 417 2535 reficiendis
451 2487 720 2548 praefectus
755 2491 906 2536 erat«.
954 2486 1005 2550 <g
1038 2486 1138 2548 24).
1203 2487 1354 2535 Porro
1398 2501 1502 2535 eum
1540 2486 1614 2535 his
1649 2489 1923 2537 muneribus

151 2580 204 2614 re
241 2581 357 2615 vera
398 2572 500 2616 tum
539 2567 802 2629 praefuisse
845 2567 1045 2616 necdum
1089 2568 1297 2616 rationes
1341 2568 1588 2629 retulisse,
1648 2570 1921 2618 testimonio

151 2647 421 2714 tabularum
452 2650 749 2709 publicarum
784 2649 1140 2697 demonstratur
1176 2648 1228 2711 (ξ
1261 2653 1321 2697 24
1354 2655 1402 2697 et
1437 2649 1463 2711 ἓ
1497 2649 1595 2710 27).
1652 2649 1729 2697 ‘Ut
1761 2655 1921 2697 autem

150 2741 250 2775 rem
279 2729 479 2777 maxime
513 2734 702 2791 augeat,
737 2729 990 2778 Aeschines
1025 2728 1339 2778 theoricorum
1366 2745 1535 2778 munus
1559 2735 1700 2777 antea
1734 2735 1922 2778 tantum

148 2807 295 2857 fuisse
330 2810 540 2871 exponit,
572 2813 628 2858 ut
661 2810 809 2858 multa
841 2809 935 2857 alia
968 2823 1166 2859 munera
1201 2810 1339 2858 simul
1363 2810 1776 2871 complecteretur,
1809 2811 1922 2872 quin

139 2889 293 2937 etiam
323 2904 475 2950 paene
507 2896 608 2938 tota
644 2893 712 2939 rei
742 2882 1043 2951 pecuniariae
1065 2891 1417 2939 administratio
1444 2891 1492 2938 in
1522 2905 1576 2938 eo
1599 2892 1755 2951 posita
1780 2898 1920 2940 esset.

254 3069 290 3118 1)
320 3067 380 3119 §a
413 3070 578 3110 17—27.
1745 3120 1749 3124 ‚

1636 3143 1658 3178 2
1676 3143 1699 3168 ,ι
