2063 3494
977 140 1047 192 49

133 314 204 362 Ex
237 313 440 368 utroque
472 308 658 364 autem,
703 302 808 351 dico
850 305 899 349 et
929 300 1058 348 illam
1091 297 1521 358 comprobationem
1552 301 1601 343 et
1633 295 1806 343 bonum
1840 295 1897 342 de

129 389 337 441 moribus
372 383 572 433 dicentis
604 382 884 443 opinionem,
923 380 1137 427 nascitur
1165 377 1296 426 fides,

252 467 578 523 Postremum,
627 476 686 509 ne
729 461 908 509 iudices
962 459 1254 520 longitudine
1309 457 1597 529 narrationis
1649 454 1902 514 defatigati

133 551 191 598 de
226 546 488 596 attentione
522 543 844 602 remitterent,
877 539 1133 589 Aeschines
1169 553 1264 587 non
1300 537 1438 586 modo
1469 537 1678 597 singulas
1714 540 1899 584 aetates

135 633 185 677 et
215 640 292 674 res
334 627 554 672 accurate
598 616 841 683 separa'vit
873 616 959 681 et,
991 609 1184 681 quando
1232 620 1294 668 ad
1339 631 1573 679 quamque
1603 621 1899 678 pervenerat,

132 709 382 768 diligenter
411 703 654 764 indicavit,
691 703 778 768 sed
812 703 956 750 etiam
988 701 1130 750 modo
1155 700 1369 761 apertius
1390 698 1526 747 modo
1549 698 1720 746 tectius
1745 701 1901 744 atten-

133 788 306 837 tionem
350 784 541 833 illorum
583 782 830 830 renovavit
873 786 1016 843 atque
1057 781 1200 829 acuit.
1274 780 1420 829 Velut
1462 779 1578 827 dicit
1621 778 1647 840 ξ
1691 781 1745 826 61
1795 776 1899 826 fin.:

137 866 286 923 »λε-’ξω
320 864 365 912 δ’
399 862 526 911 ὅθεν
555 862 778 924 μάλιστα
808 859 1340 923 παρακολουθήσετε«;
1383 859 1409 921 ᾗ
1443 863 1504 907 64
1533 859 1665 917 init.:
1714 858 1806 904 »τιὶ
1846 858 1903 904 δὲ

132 946 262 1009 μετά
305 945 446 992 ταῦτ’
490 940 587 1007 ἤδη
629 960 713 1004 μοι
758 942 961 1006 σφόδρα
1001 947 1262 1004 προςέχετε
1304 940 1392 987 τὸν
1424 941 1601 1000 νοῦνοες
1647 938 1672 1001 ξ
1709 943 1764 987 79
1799 937 1902 986 fin.:

135 1025 302 1073 »ταῦτ’
360 1021 457 1087 ἤδη
516 1022 851 1087 διαφερόντως
913 1020 1060 1080 ἄξιόν
1112 1023 1248 1071 ἐστιν
1294 1021 1559 1081 α’κοῦσαι«;
1619 1020 1645 1083 ἓ
1690 1024 1751 1069 94
1799 1019 1902 1068 fin.:

137 1106 303 1153 »ταῦτ’
334 1103 429 1168 ἤδη
464 1102 610 1162 ἄξιόν
654 1106 790 1153 ἐστιν
833 1104 1100 1165 ἅκοῦσαι«;
1149 1104 1174 1164 ξ
1214 1102 1458 1150 103’ἰηί1;.;
1507 1100 1814 1148 »ὑπόλοιπον
1848 1101 1909 1146 δέ

132 1203 214 1248 μοι
244 1185 381 1233 ἐστὶν
415 1183 591 1245 εἰπεῖν,
625 1182 704 1232 ὅτι
738 1188 855 1232 etos<

880 1426 1046 1490 Caput
1074 1425 1166 1475 IX.

432 1542 554 1593 De
586 1540 809 1594 tertia
839 1542 1166 1594 eiusdem
1202 1538 1345 1592 loci
1375 1540 1612 1604 parte.

278 1671 537 1732 Postquam
588 1676 751 1719 orator
795 1672 1122 1721 demonstrare
1181 1670 1392 1729 studuit,
1446 1671 1651 1730 turpiter
1705 1676 1756 1718 et
1809 1684 1912 1718 cum

141 1753 342 1799 maximo
376 1752 584 1799 civitatis
620 1752 905 1799 detrimento
931 1750 1298 1798 Demosthenem
1322 1750 1659 1810 rempublicam
1690 1750 1908 1809 gessisse,

138 1847 304 1897 porr0‚
352 1836 408 1880 ut
453 1832 567 1879 nihil
614 1832 663 1879 in
706 1832 1024 1879 convincendo
1071 1831 1380 1891 Ctesiphonte
1421 1831 1740 1890 desideretur,
1784 1831 1908 1878 illius

141 1914 265 1961 vitae
309 1926 365 1960 ac
412 1917 614 1960 naturae
658 1926 842 1960 omnem
888 1912 1088 1973 speciem
1125 1916 1173 1959 et
1217 1912 1354 1973 quasi
1397 1911 1600 1972 figuram
1631 1911 1827 1971 excutit,
1869 1912 1910 1959 si

143 1993 267 2040 forte
304 2007 362 2040 ex
392 1992 479 2039 hac
512 1991 758 2052 efficiatur,
793 1992 1009 2052 populari
1046 1993 1199 2039 animo
1222 1997 1270 2038 et
1289 1991 1514 2039 benevolo
1535 2005 1649 2051 erga
1669 1992 1907 2038 civitatem

138 2086 244 2120 eum
277 2085 392 2120 esse.
458 2068 548 2119 Es't
594 2075 754 2119 autem
798 2071 916 2120 haec
964 2072 1108 2119 tertia
1151 2086 1264 2132 pars
1305 2072 1408 2120 eius
1453 2072 1621 2132 capitis
1660 2085 1912 2131 argumen·
1961 2078 1963 2080 ’

141 2151 462 2211 mentationiS,
494 2147 620 2211 quod
651 2152 701 2198 in
732 2165 937 2212 persona
970 2166 1026 2200 ac
1058 2152 1202 2199 rebus
1228 2151 1560 2199 Demosthenis
1582 2151 1908 2198 examinandis

143 2234 382 2291 versatur,
426 2236 475 2279 et
509 2232 716 2292 pertinet
747 2245 777 2279 a
822 2231 848 2293 ἓ
883 2235 970 2280 168
1012 2246 1160 2293 usque
1195 2232 1256 2280 ad
1290 2231 1316 2293 ξ
1359 2235 1461 2279 176.
1528 2231 1616 2279 Hic
1651 2231 1909 2280 Aeschines

140 2324 222 2359 eas
257 2324 334 2359 res
366 2325 421 2359 ac
454 2313 655 2359 virtutes
686 2316 957 2374 enumerat,
989 2326 1106 2372 quas
1140 2326 1331 2359 necesse
1360 2313 1422 2359 sit
1456 2326 1561 2359 eum
1602 2312 1796 2371 habere,
1828 2313 1911 2372 qui

139 2390 381 2452 popularis
415 2390 553 2439 homo
586 2405 689 2440 esse
721 2392 851 2441 velit·
888 2392 967 2453 qui
1001 2407 1110 2440 vero
1144 2393 1406 2441 contrarias
1439 2392 1630 2453 habeat,
1664 2407 1772 2440 eum
1795 2407 1910 2453 pau-

139 2483 298 2519 corum
330 2472 529 2531 imperio
564 2473 764 2520 amicum
798 2486 913 2521 esse.
991 2473 1112 2520 Tum
1160 2472 1434 2521 confirmare
1479 2473 1668 2533 studet,
1711 2486 1763 2521 re
1798 2486 1911 2520 vera

140 2549 257 2598 nihil
293 2550 479 2599 illarum
515 2551 825 2601 Demostheni
854 2566 979 2612 esse,
1018 2553 1101 2601 sed
1134 2553 1342 2601 omnium
1373 2554 1651 2601 contrarias
1715 2554 1784 2601 Ac
1815 2553 1911 2613 pri-

141 2643 266 2678 mum
312 2631 527 2692 quidem,
583 2646 730 2693 quum
774 2633 908 2681 liberi
952 2632 1054 2681 fere
1100 2634 1220 2682 tales
1265 2634 1428 2682 haberi
1476 2634 1685 2693 soleant,
1745 2633 1910 2693 quales

140 2715 365 2769 parentes
398 2712 473 2760 vel
517 2714 718 2762 maiores
750 2719 864 2762 sunt
896 2715 970 2763 vel
1002 2714 1191 2762 fuerunt
1232 2741 1275 2749 ω-
1328 2728 1450 2775 quae
1492 2713 1747 2761 similitudo
1780 2713 1909 2762 haud

138 2803 250 2853 raro
280 2805 425 2840 causa
459 2799 547 2841 aut
581 2794 810 2842 honestae
843 2799 927 2843 aut
960 2795 1111 2855 turpis
1147 2795 1273 2842 vitae
1310 2808 1415 2842 esse
1449 2794 1635 2842 videtur
1666 2820 1725 2826 -—
1758 2792 1910 2842 fusius

142 2872 350 2933 exponit,
380 2873 523 2921 etiam
557 2874 616 2921 ab
642 2888 730 2922 avo
753 2875 1120 2923 Demosthenem
1142 2875 1317 2935 populo
1345 2889 1447 2934 esse
1477 2875 1731 2922 inimicum·
1765 2889 1911 2935 quum

138 2962 282 3009 porro
326 2953 540 3015 singulae
584 2959 748 3015 gentes
790 2956 986 3017 propria
1028 2955 1231 3017 quadam
1279 2955 1435 3004 indole
1469 2969 1524 3004 ac
1559 2956 1767 3005 moribus
1799 2957 1910 3017 sint,

138 3030 209 3078 ita
254 3038 307 3082 ut
358 3049 449 3083 non
500 3050 684 3097 semper
728 3037 849 3085 idem
900 3037 957 3084 de
1015 3037 1255 3097 barbaris,
1304 3037 1431 3097 quod
1486 3037 1543 3085 de
1589 3037 1784 3086 Graecis
1829 3045 1915 3085 aut

139 3108 388 3176 Romanis,
422 3117 584 3164 coniici
619 3118 816 3178 debeat,
852 3132 959 3165 eum
992 3132 1020 3165 a
1053 3123 1207 3165 matre
1242 3118 1472 3178 Scythen,
1509 3118 1770 3165 barbarum
1807 3132 1912 3164 esse

1670 3202 1694 3238 4
