2063 3494
1008 150 1078 201 33

161 319 255 366 vim
286 315 481 373 habere,
530 322 670 372 quam
711 307 789 356 ille
823 306 973 368 fingit.
1053 306 1147 357 Sed
1189 307 1237 355 in
1285 305 1372 355 hoc
1417 306 1519 368 ipso
1560 306 1661 355 eius
1694 305 1927 356 calliditas

160 398 383 446 cernitur.
448 390 588 449 Quod
622 389 822 437 maxime
843 388 1099 436 Aeschines
1133 388 1367 448 respicere
1400 387 1602 447 videtur,
1635 400 1778 447 quum
1811 387 1925 434 dicit

161 475 357 540 (§‘35)2
404 471 529 520 »Καὶ
572 455 843 531 χρήσὸνται
886 470 977 515 τοῦ
1016 467 1170 529 νόμου
1199 473 1337 529 μέρει
1377 466 1471 515 τινὶ
1515 467 1808 522 κλέπτοντες
1839 467 1931 514 ‘cr'v

160 555 401 617 ἀκρόασιν
432 553 617 612 ῠμῶνεε,
660 549 764 596 sive
795 549 910 596 haec
942 548 1087 595 verba
1122 549 1172 595 in
1205 547 1375 595 iudicio
1411 547 1598 608 audita,
1631 547 1731 595 sive
1761 550 1929 607 postea

162 637 343 685 inserta
372 634 499 681 sunt.
564 628 924 677 Demosthenem
959 631 1130 687 autem,
1163 628 1395 675 eiusmodi
1427 628 1613 675 artibus
1647 640 1704 674 ac
1733 627 1929 675 fallaciis

164 716 246 771 uti,
278 712 467 760 omnino
499 708 718 768 religioni
749 721 844 755 non
874 707 1109 767 habuisse,
1140 706 1279 754 huius
1299 706 1369 754 rei
1399 706 1581 766 insigne
1606 706 1927 757 testimonium

161 790 320 839 afferri
366 792 525 849 potest
565 802 624 837 ex
667 788 768 837 eius
812 788 1024 836 oratione
1075 791 1244 836 contra
1288 786 1600 835 Timocratem
1650 788 1929 850 conscripta,

162 871 243 918 ubi
266 873 325 930 ¹),
367 869 610 919 cuiusdam
652 868 769 929 legis
813 868 954 916 modo
998 868 1226 916 recitatae
1272 881 1500 916 summam
1540 871 1780 929 repetenS,
1834 869 1929 918 duo

163 951 321 1015 verba,
358 963 480 1010 quae
511 950 702 998 maximi
735 950 833 998 sint
861 949 1103 1010 momenti,
1136 949 1329 996 omittit.
1395 948 1554 1005 Quare
1578 962 1699 995 unus
1717 953 1928 997 veterum

161 1033 493 1079 enarratorum
517 1029 633 1077 haec
665 1029 894 1078 adnotat:
931 1029 1214 1089 »ἐκδέχεται
1255 1054 1304 1063 -
1340 1028 1368 1074 ὁ
1388 1026 1548 1090 ῥήτωρ
1582 1028 1672 1091 τήν
1705 1028 1930 1087 διάνοιαι·

159 1113 249 1156 τοῦ
292 1108 447 1170 νόμου
488 1110 614 1170 πρός
657 1113 718 1156 τό
761 1108 898 1169 αὐτῷ
939 1115 1195 1171 συμφέρον
1234 1112 1350 1156 eto«
1441 1108 1546 1165 Qua
1602 1107 1770 1157 fraude
1814 1110 1929 1158 nihil

162 1189 459 1238 manifestius
495 1195 590 1250 est,
632 1203 779 1249 quum
813 1189 892 1237 illa
926 1189 1099 1236 omissa
1133 1188 1278 1236 verba
1310 1193 1358 1236 et
1398 1188 1526 1248 apud
1559 1188 1677 1236 alio‘s
1713 1194 1930 1239 oratores

161 1278 209 1318 et
239 1269 365 1330 apud
406 1270 557 1331 ipsum
592 1269 956 1319 Demosthenem
999 1270 1047 1317 in
1089 1269 1322 1329 oratione,
1369 1283 1514 1330 quam
1545 1274 1713 1318 contra
1744 1270 1924 1319 Aristo-

160 1354 339 1399 cratem
373 1348 677 1410 conscripsit,
717 1350 797 1398 ubi
841 1350 1049 1397 eiusdem
1092 1349 1210 1410 legis
1245 1350 1421 1397 mentio
1467 1349 1616 1410 fit2),
1661 1350 1824 1398 addita
1858 1350 1928 1398 in-

162 1431 415 1478 veniantur
431 1431 489 1490 ³).
554 1431 636 1478 Sin
660 1443 770 1477 vero
789 1430 1019 1490 posueris,
1054 1429 1199 1477 verba
1232 1443 1288 1477 ac
1312 1430 1595 1477 sententiam
1618 1430 1929 1490 Dionysiacae

162 1511 281 1570 legis
314 1524 344 1557 a
380 1510 695 1558 Demosthene
727 1515 855 1558 recte
890 1524 1174 1571 expressam,
1205 1509 1265 1557 ab
1290 1509 1518 1557 Aeschine
1553 1510 1792 1558 detortam
1814 1525 1931 1568 esse,

162 1592 475 1652 repugnantia
515 1590 661 1660 huius·
697 1605 799 1638 cum
843 1591 994 1638 altera
1040 1590 1144 1649 lege
1180 1590 1382 1638 exsistit·
1426 1590 1559 1637 cuius
1606 1590 1666 1638 ab
1700 1592 1932 1640 Aeschine

162 1672 406 1732 oppositae
442 1685 584 1731 quuin
618 1670 958 1719 Demosthenes
994 1671 1173 1718 nullam
1207 1671 1440 1717 rationem
1475 1670 1661 1731 habeat,
1707 1674 1774 1719 rei
1809 1672 1930 1720 diffi-

163 1752 317 1800 cultas
351 1767 442 1800 non
475 1752 613 1800 aliter
644 1751 745 1799 tolli
780 1766 918 1811 posse
955 1751 1161 1811 videtur,
1196 1751 1303 1810 nisi,
1353 1756 1601 1811 utramque
1634 1752 1804 1813 legem,
1840 1754 1932 1802 etsi

163 1832 303 1879 alteri
337 1837 697 1892 repugnantem,
731 1832 970 1879 exstitisse
1003 1844 1057 1879 ac
1086 1835 1240 1878 ratam
1263 1830 1422 1891 fuisse,
1456 1832 1694 1891 statueris,
1731 1832 1776 1880 id
1800 1833 1928 1895 quod

164 1926 280 1961 sane
321 1912 423 1960 fieri
470 1927 563 1960 non
610 1912 822 1972 potuisse
861 1911 1127 1972 putandum
1167 1926 1262 1959 non
1306 1916 1391 1959 est.
1456 1911 1557 1959 Iam
1590 1913 1770 1973 pridem
1803 1915 1929 1963 enim

164 1998 301 2042 tant-a
343 1993 641 2054 perturbatio
681 1994 729 2040 in
774 1993 1133 2040 Atheniensium
1180 1992 1512 2053 rempublicam
1556 1992 1824 2055 invaserat,
1877 1999 1933 2044 ut

163 2075 280 2122 talia
311 2074 502 2133 saepius
535 2074 813 2121 acciderent.
889 2072 1031 2121 Velut
1067 2087 1124 2120 ex
1157 2072 1488 2121 Demosthenis
1519 2074 1735 2122 oratione
1764 2078 1931 2123 contra

166 2153 502 2215 Timocratem,
539 2167 631 2214 qua
665 2154 743 2202 ille
773 2153 924 2214 legem
958 2153 1019 2202 ab
1052 2153 1141 2202 hoc
1169 2153 1316 2201 latam
1349 2158 1594 2214 oppugnat
1627 2169 1825 2216 canique
1860 2161 1934 2203 tot

165 2235 270 2282 aliis
316 2234 498 2294 legibus
547 2248 814 2294 repugnare
859 2234 1018 2294 docet,
1066 2238 1268 2282 conatus
1313 2233 1441 2294 leges
1485 2235 1798 2295 permiscendi
1838 2249 1933 2284 non

163 2314 406 2362 inauditos
440 2299 599 2374 fuisse,
634 2314 800 2363 elucet.
866 2316 947 2375 Ac,
978 2314 1017 2362 si
1052 2314 1175 2361 idem
1201 2315 1248 2361 in
1270 2314 1437 2362 eadem
1455 2315 1669 2362 oratione
1688 2314 1932 2364 levitatem

164 2399 214 2443 et
260 2394 499 2443 licentiam
546 2399 787 2444 oratorum
831 2395 1036 2455 castigat
1055 2393 1130 2456 ⁴),
1185 2395 1265 2455 qui
1308 2394 1505 2455 singulis
1549 2394 1647 2443 fere
1689 2396 1933 2444 mensibus

163 2488 310 2523 novas
342 2474 469 2534 leges
502 2474 660 2523 ferant
691 2480 740 2523 et
770 2477 992 2536 antiquas
1015 2475 1107 2536 ipsi
1130 2475 1315 2535 tollant,
1350 2476 1398 2522 in
1431 2479 1566 2524 tanta
1596 2489 1755 2524 rerum
1778 2476 1934 2537 publi-

164 2570 324 2604 carum
367 2555 638 2605 confusione
682 2557 874 2617 saepius
921 2555 1096 2604 factum
1139 2569 1244 2604 esse
1286 2560 1465 2616 potest,
1510 2560 1563 2604 ut
1608 2570 1759 2605 novae
1800 2557 1931 2617 leges

165 2636 485 2696 sancirentur,
544 2651 687 2697 quum
742 2637 965 2697 antiquae
1021 2641 1070 2684 et
1116 2636 1381 2685 contrariae
1425 2650 1520 2684 non
1569 2636 1931 2696 abrogarentur.

164 2716 327 2776 Neque
366 2716 540 2765 iniuria
587 2717 702 2765 haec
744 2731 773 2765 a
806 2716 1034 2764 Dahmsio
1052 2715 1101 2777 ⁵)
1147 2716 1272 2763 dicta
1314 2720 1449 2764 sunt:
1500 2737 1628 2763 »....
1663 2717 1711 2763 in
1744 2716 1929 2776 legibus

162 2795 366 2843 ferendis
408 2796 756 2857 abrogandisve
798 2809 1095 2856 nequaquam
1138 2796 1220 2843 illa
1275 2799 1434 2843 aetate
1478 2795 1539 2842 ad
1578 2799 1835 2857 praecepta
1879 2810 1932 2844 se

161 2876 462 2937 adligabant,
508 2891 630 2937 quae
675 2891 704 2924 a
745 2876 914 2925 Solone
953 2877 1173 2925 instituta
1217 2880 1369 2924 erant.
1449 2876 1548 2923 Iam
1591 2875 1769 2922 dudum
1804 2877 1933 2926 mala

272 3069 313 3115 1)
344 3067 367 3119 S
387 3045 453 3108 59.Ὺ
504 3069 549 3120 2)
569 3069 591 3120 S
612 3069 675 3110 85.
730 3070 773 3120 3)
804 3069 853 3111 cf.
873 3069 1069 3112 Schaefer
1085 3068 1115 3122 1,
1136 3068 1232 3120 3493
1258 3069 1425 3117 Dahms,
1443 3066 1580 3110 studia
1599 3068 1934 3111 Demosthenica.

162 3132 207 3180 4)
236 3131 258 3182 S
292 3132 508 3174 142-143.
588 3135 632 3186 5)
660 3134 767 3175 stud.
799 3135 916 3175 Dem.

1589 3225 1603 3239 ⁴
1651 3232 1677 3270 3
