2063 3494
989 87 1056 137 59

804 159 973 166 ———

147 260 227 307 ea,
264 256 383 314 quae
414 246 681 303 sequuntur
719 243 770 306 (ξ
804 246 937 306 209),
987 246 1187 293 maxime
1233 246 1295 294 ad
1338 247 1684 309 reprimendam
1723 252 1903 301 miseri-

146 324 373 382 cordiam,
411 323 453 370 si
484 323 547 370 ad
575 324 960 372 lamentationem
992 328 1042 372 et
1073 326 1291 374 lacrimas
1323 327 1667 377 Demosthenes
1699 331 1903 392 confugi-

144 409 284 453 turus
317 403 407 462 sit,
447 402 706 463 composita
746 407 884 463 sunt3
934 418 1029 464 qua
1073 406 1122 452 in
1163 420 1214 453 re
1253 412 1417 455 orator
1446 409 1641 457 eandem
1672 411 1903 459 rationem

144 484 492 543 sequutusest‚
526 485 595 542 ut,
628 495 750 542 quae
781 483 882 543 ipse
904 483 966 531 ad
995 484 1170 534 iudices
1204 499 1233 533 a
1266 486 1589 537 misericordia
1611 490 1904 538 revocandos

143 561 529 621 excogitavisset,
572 575 662 609 -eos
691 566 858 610 contra
888 563 1017 611 illum
1050 564 1298 625 loquentes
1330 566 1521 616 faceret.
1588 569 1706 617 Tum
1738 570 1904 618 eodem

142 641 335 691 consilio
366 654 465 688 rem
498 654 809 702 persequenS,
841 642 941 703 ipse
973 644 1180 692 ostendit
1213 645 1265 708 (ξ,
1291 646 1592 710 210-211),
1624 663 1718 696 non
1750 649 1902 697 fortu-

142 734 241 780 naS,
273 734 367 768 non
399 720 619 783 salutem,
653 735 746 769 non
780 726 922 783 caput
951 722 1283 775 Demosthenis
1316 727 1365 775 in
1397 727 1486 776 hac
1517 742 1661 777 causa
1693 730 1786 790 agi,
1820 729 1902 778 sed

141 799 465 849 tantummodo
507 814 727 848 coronam
769 816 987 864 auream,
1021 819 1161 866 quam
1194 805 1294 867 hic,
1344 821 1488 867 quum
1520 809 1706 857 civitati
1736 813 1901 858 auctor

143 880 265 951 tanti
308 878 464 927 luctus
507 878 672 941 fuerit,
719 894 815 929 non
855 881 1026 932 debeat
1061 885 1284 945 accipere.
1365 887 1579 949 Denique
1625 888 1801 949 probra
1844 901 1901 937 ac
1961 912 1965 921 ·

141 960 347 1009 convicia
378 959 620 1008 obiectans
658 964 707 1008 et
722 961 1111 1012 “dissimulantiae
1148 966 1334 1014 aculeos
1373 967 1553 1016 addens
1593 969 1640 1030 (ξ
1670 969 1804 1029 212),
1850 969 1900 1016 in

141 1039 395 1087 maximum
424 1039 582 1088 odium
608 1053 664 1089 ac
690 1043 1053 1090 contemtionem
1084 1045 1286 1093 iudicum
1316 1060 1421 1095 eum
1455 1047 1690 1097 adducere
1721 1048 1899 1097 studet.

139 1120 304 1180 Neque
328 1134 435 1168 vero
458 1121 639 1169 maiore
662 1123 844 1171 cumulo
865 1124 1206 1173 vehementiam
1228 1126 1367 1176 huius
1389 1128 1476 1176 loci
1500 1142 1674 1189 augere
1692 1133 1898 1189 poterat,

141 1213 305 1260 quam,
348 1214 492 1260 quum
529 1196 881 1264 Ctesiphontem
916 1209 965 1252 et
996 1205 1359 1255 Demosthenem
1390 1208 1517 1255 inter
1548 1222 1598 1256 se
1628 1209 1757 1268 ipsos
1790 1222 1900 1257 con-

141 1280 416 1327 demnantes
450 1280 660 1341 fingebat
692 1285 741 1329 et
773 1282 1072 1343 enthymema
1103 1299 1160 1332 ex
1183 1287 1523 1348 pugnantibus,
1556 1288 1682 1348 quod
1713 1291 1899 1348 vocant,

136 1359 448 1420 adiungebat,
492 1375 584 1421 quo
627 1361 744 1409 nihil
784 1364 935 1423 magis
976 1368 1101 1412 esset
1142 1365 1204 1412 ad
1247 1365 1451 1415 iudicum
1484 1368 1666 1415 animos
1697 1368 1898 1427 perfrin-

136 1438 315 1498 gendos
348 1439 395 1501 (ξ
429 1443 565 1488 213-
585 1442 710 1501 214).

260 1519 358 1580 Ea,
390 1533 512 1581 quae
545 1534 575 1568 a
612 1520 637 1583 ξ
671 1525 760 1569 215
794 1549 857 1556 —-
889 1522 915 1584 ξ
952 1526 1041 1570 227
1074 1523 1307 1585 leguntur,
1341 1525 1401 1573 ab
1428 1528 1620 1574 oratore
1650 1526 1901 1587 praecipue

137 1600 261 1648 dicta
291 1605 431 1662 sunt,
474 1606 530 1650 ut
560 1603 912 1652 criminationes
952 1605 1203 1665 quasdam,
1253 1605 1423 1666 quibus
1454 1606 1819 1655 Demosthenem
1849 1606 1900 1654 in

139 1695 190 1729 se
224 1695 418 1730 usurum
455 1696 557 1731 esse
590 1683 799 1745 coniicit,
837 1685 1051 1745 repellat.
1118 1685 1267 1733 Simul
1308 1690 1465 1734 autem
1495 1686 1570 1734 his
1605 1686 1653 1734 id
1685 1690 1899 1747 spectare

135 1763 347 1823 videtur,
393 1766 447 1811 ut
478 1763 847 1811 benevolentiam
888 1765 1124 1825 iudicum,
1171 1766 1213 1813 si
1245 1780 1387 1826 quam
1420 1766 1507 1814 sibi
1542 1767 1901 1826 comparaverit,

138 1841 396 1891 confirmet.
461 1843 670 1904 Exponit
700 1845 846 1905 enim,
898 1845 1130 1905 quomodo
1175 1846 1225 1893 in
1266 1846 1366 1894 vita
1407 1846 1595 1906 privata
1627 1860 1683 1895 ac
1713 1846 1900 1907 publice

136 1935 187 1970 se
216 1927 367 1982 gerat.
433 1923 545 1984 Sed,
588 1928 642 1971 ut
685 1925 869 1984 singula
901 1939 1259 1986 persequamur,
1299 1926 1664 1974 Demosthenem
1700 1926 1789 1974 sibi
1821 1940 1901 1975 ex-

132 2002 472 2063 probraturum
504 2017 609 2052 esse
643 2004 736 2064 ait,
778 2005 902 2064 quod
944 2019 1172 2053 summam
1211 2007 1310 2054 eius
1349 2006 1775 2055 administrationis
1808 2007 1900 2054 rei—

133 2082 352 2143 publicae
382 2083 714 2144 reprehendat,
747 2099 924 2145 verum,
949 2100 1093 2145 quum
1128 2086 1341 2155 singulae
1373 2100 1449 2134 res
1472 2087 1775 2146 gerebantur,
1806 2101 1899 2134 non

132 2162 440 2225 prohibuerit,
473 2164 722 2225 quominus
744 2164 926 2227 fierent,
958 2170 1054 2227 aut,
1088 2180 1230 2227 quum
1262 2166 1401 2214 modo
1424 2169 1589 2226 gestae
1620 2170 1771 2227 erant,
1804 2181 1900 2215 non

131 2245 456 2305 accusaverit,
499 2249 880 2305 negaturumque
928 2260 1055 2306 esse,
1116 2261 1174 2295 ex
1221 2247 1318 2294 ulla
1362 2247 1456 2294 alia
1498 2260 1664 2307 causa,
1714 2248 1806 2295 nisi
1845 2251 1900 2295 ut

55 2314 57 2316 ’
95 2319 100 2325 ’
134 2325 402 2373 Alexandro
434 2325 756 2387 blandiretur,
788 2327 919 2375 litem
950 2341 1002 2375 se
1031 2327 1310 2376 intendisse.
1375 2327 1449 2375 Ad
1480 2327 1597 2375 haec
1629 2326 1901 2387 respondet,

134 2419 193 2453 ea
224 2420 277 2455 se
307 2407 624 2468 temperantia
656 2411 804 2468 atque
838 2408 989 2456 omnis
1020 2408 1145 2457 vitae
1177 2407 1503 2456 moderatione
1535 2421 1652 2468 esse,
1687 2412 1742 2456 ut
1771 2408 1902 2468 turpi

135 2488 320 2535 ratione
350 2488 524 2536 victum
553 2502 778 2549 quaerere
805 2502 898 2536 non
925 2502 1044 2549 opus
1067 2489 1153 2549 sit,
1184 2503 1329 2549 porro
1360 2489 1635 2549 popularem
1668 2488 1900 2537 hominem

133 2580 184 2615 se
216 2580 319 2616 esse
353 2571 403 2615 et
435 2568 667 2616 communi
697 2568 843 2616 saluti
874 2569 1194 2617 consulentem
1229 2573 1278 2617 et
1311 2569 1516 2617 consiliis
1550 2569 1900 2629 sceleribusque

130 2647 468 2696 Demosthenis
497 2649 547 2696 in
583 2650 802 2697 concione
840 2650 1027 2709 saepius
1059 2650 1343 2710 occurrisse3
1397 2663 1680 2710 quamquam
1710 2662 1819 2696 eum
1851 2649 1898 2695 in

134 2730 209 2778 ius
241 2742 413 2778 vocare
446 2733 572 2778 metu
605 2730 677 2779 sui
704 2729 898 2791 periculi
927 2744 978 2779 se
1000 2730 1279 2779 deterritum
1301 2743 1417 2778 esse.
1483 2728 1574 2778 Sed
1598 2733 1903 2790 postremum,

135 2823 280 2870 quum
314 2810 392 2858 ille
424 2810 483 2859 ad
520 2814 704 2859 tantam
737 2811 981 2860 audaciam
1011 2811 1443 2871 impudentiamque
1475 2811 1805 2872 processisset,
1847 2816 1903 2859 ut

133 2892 207 2938 vel
237 2891 449 2951 praemio
485 2891 718 2939 scelerum
752 2891 875 2939 affici
907 2891 1073 2951 vellet,
1119 2895 1218 2938 tum
1269 2904 1319 2938 se
1358 2891 1704 2938 accusationem
1744 2905 1904 2940 susce-

133 2971 277 3033 pisse,
312 2970 441 3021 nulla
475 2972 569 3020 alia
603 2986 669 3032 re,
702 2973 794 3020 nisi
827 2986 1010 3020 summo
1045 2971 1229 3032 patriae
1258 2985 1422 3019 amore
1444 2970 1651 3033 ductum,
1683 2972 1903 3021 nimirum

124 3055 191 3100 ut
220 3053 518 3114 provideret,
563 3067 621 3101 ne
653 3053 819 3101 civitas
853 3052 1047 3101 Graecis
1080 3051 1278 3100 ridicula
1324 3066 1429 3102 esse
1465 3052 1722 3102 videretur.
1786 3053 1903 3101 Ver-
