<?xml version="1.0" encoding="UTF-8"?>
<!DOCTYPE html PUBLIC "-//W3C//DTD XHTML 1.0 Transitional//EN"
    "http://www.w3.org/TR/xhtml1/DTD/xhtml1-transitional.dtd">
<html xmlns="http://www.w3.org/1999/xhtml" xml:lang="en" lang="en">
 <head>
  <title>
</title>
<meta http-equiv="Content-Type" content="text/html;charset=utf-8" />
  <meta name='ocr-system' content='tesseract 3.04.00' />
  <meta name='ocr-capabilities' content='ocr_page ocr_carea ocr_par ocr_line ocrx_word'/>
</head>
<body>
  <div class='ocr_page' id='page_1' title='image "4737164_0078.png"; bbox 0 0 2063 3494; ppageno 0'>
   <div class='ocr_carea' id='block_1_1' title="bbox 973 177 1045 229">
    <p class='ocr_par' dir='ltr' id='par_1_1' title="bbox 973 177 1045 229">
     <span class='ocr_line' id='line_1_1' title="bbox 973 177 1045 229; baseline 0.014 -1"><span class='ocrx_word' id='word_1_1' title='bbox 973 177 1045 229; x_wconf 91' lang='lat'><strong>70</strong></span> 
     </span>
    </p>
   </div>
   <div class='ocr_carea' id='block_1_2' title="bbox 100 336 1964 2720">
    <p class='ocr_par' dir='ltr' id='par_1_2' title="bbox 100 336 1964 2720">
     <span class='ocr_line' id='line_1_2' title="bbox 113 336 1964 401; baseline 0 -15"><span class='ocrx_word' id='word_1_2' title='bbox 113 336 241 399; x_wconf 89' lang='lat' dir='ltr'><strong>quod</strong></span> <span class='ocrx_word' id='word_1_3' title='bbox 275 336 325 385; x_wconf 92' lang='lat' dir='ltr'><strong>in</strong></span> <span class='ocrx_word' id='word_1_4' title='bbox 358 336 385 399; x_wconf 62' lang='grc' dir='ltr'>ξ</span> <span class='ocrx_word' id='word_1_5' title='bbox 415 339 502 385; x_wconf 87' lang='grc'><strong>176</strong></span> <span class='ocrx_word' id='word_1_6' title='bbox 525 336 715 399; x_wconf 83' lang='lat' dir='ltr'><strong>legitur,</strong></span> <span class='ocrx_word' id='word_1_7' title='bbox 747 338 991 400; x_wconf 85' lang='lat' dir='ltr'><strong>adscripta</strong></span> <span class='ocrx_word' id='word_1_8' title='bbox 1013 341 1091 388; x_wconf 88' lang='lat' dir='ltr'><strong>est</strong></span> <span class='ocrx_word' id='word_1_9' title='bbox 1124 351 1220 387; x_wconf 85' lang='lat' dir='ltr'><strong>una</strong></span> <span class='ocrx_word' id='word_1_10' title='bbox 1243 350 1332 386; x_wconf 82' lang='lat' dir='ltr'><strong>vox</strong></span> <span class='ocrx_word' id='word_1_11' title='bbox 1365 338 1646 400; x_wconf 76' lang='grc' dir='ltr'><strong><em>,,ἐπίλογοι“</em></strong></span> <span class='ocrx_word' id='word_1_12' title='bbox 1662 336 1720 400; x_wconf 80' lang='lat'><strong>¹),</strong></span> <span class='ocrx_word' id='word_1_13' title='bbox 1755 336 1891 387; x_wconf 84' lang='lat' dir='ltr'><strong>cuius</strong></span> <span class='ocrx_word' id='word_1_14' title='bbox 1961 398 1964 401; x_wconf 40' lang='lat'><strong>.</strong></span> 
     </span>
     <span class='ocr_line' id='line_1_3' title="bbox 112 411 1888 480; baseline 0 -13"><span class='ocrx_word' id='word_1_15' title='bbox 112 419 186 467; x_wconf 88' lang='lat' dir='ltr'><strong>vis</strong></span> <span class='ocrx_word' id='word_1_16' title='bbox 219 432 336 467; x_wconf 88' lang='lat' dir='ltr'><strong>sane</strong></span> <span class='ocrx_word' id='word_1_17' title='bbox 370 418 501 466; x_wconf 85' lang='lat' dir='ltr'><strong>nulla</strong></span> <span class='ocrx_word' id='word_1_18' title='bbox 535 419 631 467; x_wconf 88' lang='lat' dir='ltr'><strong>alia</strong></span> <span class='ocrx_word' id='word_1_19' title='bbox 664 423 764 480; x_wconf 89' lang='lat' dir='ltr'><strong>est,</strong></span> <span class='ocrx_word' id='word_1_20' title='bbox 807 433 953 480; x_wconf 89' lang='lat' dir='ltr'><strong>quam</strong></span> <span class='ocrx_word' id='word_1_21' title='bbox 996 411 1051 468; x_wconf 85' lang='lat' dir='ltr'><strong>ut</strong></span> <span class='ocrx_word' id='word_1_22' title='bbox 1082 419 1280 478; x_wconf 90' lang='lat' dir='ltr'><strong>indicet,</strong></span> <span class='ocrx_word' id='word_1_23' title='bbox 1324 419 1561 480; x_wconf 83' lang='lat' dir='ltr'><strong>epilogum</strong></span> <span class='ocrx_word' id='word_1_24' title='bbox 1608 420 1720 468; x_wconf 88' lang='lat' dir='ltr'><strong>inde</strong></span> <span class='ocrx_word' id='word_1_25' title='bbox 1754 419 1888 468; x_wconf 89' lang='lat' dir='ltr'><strong>oriri..</strong></span> 
     </span>
     <span class='ocr_line' id='line_1_4' title="bbox 112 496 1886 562; baseline 0 -14"><span class='ocrx_word' id='word_1_26' title='bbox 112 496 269 559; x_wconf 88' lang='lat' dir='ltr'><strong>Quum</strong></span> <span class='ocrx_word' id='word_1_27' title='bbox 312 502 473 548; x_wconf 89' lang='lat' dir='ltr'><strong>autem</strong></span> <span class='ocrx_word' id='word_1_28' title='bbox 519 496 623 548; x_wconf 90' lang='lat' dir='ltr'><strong>fieri</strong></span> <span class='ocrx_word' id='word_1_29' title='bbox 667 512 762 548; x_wconf 93' lang='lat' dir='ltr'><strong>non</strong></span> <span class='ocrx_word' id='word_1_30' title='bbox 804 499 982 562; x_wconf 83' lang='lat' dir='ltr'><strong>possit,</strong></span> <span class='ocrx_word' id='word_1_31' title='bbox 1025 502 1081 549; x_wconf 91' lang='lat' dir='ltr'><strong>ut</strong></span> <span class='ocrx_word' id='word_1_32' title='bbox 1125 499 1233 549; x_wconf 83' lang='lat' dir='ltr'><strong>novi</strong></span> <span class='ocrx_word' id='word_1_33' title='bbox 1277 498 1367 549; x_wconf 89' lang='lat' dir='ltr'><strong>loci</strong></span> <span class='ocrx_word' id='word_1_34' title='bbox 1411 498 1596 548; x_wconf 90' lang='lat' dir='ltr'><strong>initium</strong></span> <span class='ocrx_word' id='word_1_35' title='bbox 1640 498 1796 548; x_wconf 86' lang='lat' dir='ltr'><strong>media</strong></span> <span class='ocrx_word' id='word_1_36' title='bbox 1824 496 1886 548; x_wconf 34' lang='lat' dir='ltr'><strong>*in</strong></span> 
     </span>
     <span class='ocr_line' id='line_1_5' title="bbox 111 580 1888 640; baseline 0 -13"><span class='ocrx_word' id='word_1_37' title='bbox 111 580 350 627; x_wconf 85' lang='lat' dir='ltr'><strong>sententia</strong></span> <span class='ocrx_word' id='word_1_38' title='bbox 382 584 529 639; x_wconf 86' lang='lat' dir='ltr'><strong>atque</strong></span> <span class='ocrx_word' id='word_1_39' title='bbox 563 581 612 626; x_wconf 93' lang='lat' dir='ltr'><strong>in</strong></span> <span class='ocrx_word' id='word_1_40' title='bbox 645 593 716 640; x_wconf 90' lang='lat' dir='ltr'><strong>ea,</strong></span> <span class='ocrx_word' id='word_1_41' title='bbox 750 592 874 639; x_wconf 91' lang='lat' dir='ltr'><strong>quae</strong></span> <span class='ocrx_word' id='word_1_42' title='bbox 900 581 1263 640; x_wconf 78' lang='lat' dir='ltr'><strong>praecedentem</strong></span> <span class='ocrx_word' id='word_1_43' title='bbox 1297 581 1450 627; x_wconf 91' lang='lat' dir='ltr'><strong>locum</strong></span> <span class='ocrx_word' id='word_1_44' title='bbox 1483 581 1587 627; x_wconf 92' lang='lat' dir='ltr'><strong>sine</strong></span> <span class='ocrx_word' id='word_1_45' title='bbox 1609 580 1751 627; x_wconf 90' lang='lat' dir='ltr'><strong>dubio</strong></span> <span class='ocrx_word' id='word_1_46' title='bbox 1774 593 1888 628; x_wconf 88' lang='lat' dir='ltr'><strong>con-</strong></span> 
     </span>
     <span class='ocr_line' id='line_1_6' title="bbox 111 659 1886 721; baseline 0 -13"><span class='ocrx_word' id='word_1_47' title='bbox 111 659 289 719; x_wconf 87' lang='lat' dir='ltr'><strong>cludat,</strong></span> <span class='ocrx_word' id='word_1_48' title='bbox 320 665 539 720; x_wconf 84' lang='lat' dir='ltr'><strong>ponatur,</strong></span> <span class='ocrx_word' id='word_1_49' title='bbox 575 673 669 707; x_wconf 92' lang='lat' dir='ltr'><strong>non</strong></span> <span class='ocrx_word' id='word_1_50' title='bbox 700 659 842 708; x_wconf 87' lang='lat' dir='ltr'><strong>aliter</strong></span> <span class='ocrx_word' id='word_1_51' title='bbox 872 673 930 708; x_wconf 92' lang='lat' dir='ltr'><strong>ac</strong></span> <span class='ocrx_word' id='word_1_52' title='bbox 953 673 1038 721; x_wconf 92' lang='lat' dir='ltr'><strong>per</strong></span> <span class='ocrx_word' id='word_1_53' title='bbox 1063 659 1431 720; x_wconf 83' lang='lat' dir='ltr'><strong>imprudentiam</strong></span> <span class='ocrx_word' id='word_1_54' title='bbox 1458 660 1701 720; x_wconf 87' lang='lat' dir='ltr'><strong>quandam</strong></span> <span class='ocrx_word' id='word_1_55' title='bbox 1724 673 1886 709; x_wconf 84' lang='lat' dir='ltr'><strong>vocem</strong></span> 
     </span>
     <span class='ocr_line' id='line_1_7' title="bbox 109 738 1889 804; baseline 0 -17"><span class='ocrx_word' id='word_1_56' title='bbox 109 739 265 800; x_wconf 89' lang='lat' dir='ltr'><strong>illam,</strong></span> <span class='ocrx_word' id='word_1_57' title='bbox 310 752 455 800; x_wconf 92' lang='lat' dir='ltr'><strong>quum</strong></span> <span class='ocrx_word' id='word_1_58' title='bbox 505 739 569 787; x_wconf 89' lang='lat' dir='ltr'><strong>ad</strong></span> <span class='ocrx_word' id='word_1_59' title='bbox 613 740 732 786; x_wconf 85' lang='grc' dir='ltr'><strong><em>ἐπεί</em></strong></span> <span class='ocrx_word' id='word_1_60' title='bbox 770 743 857 787; x_wconf 88' lang='lat' dir='ltr'><strong>aut</strong></span> <span class='ocrx_word' id='word_1_61' title='bbox 895 738 1227 804; x_wconf 72' lang='grc' dir='ltr'><em>ἀνεμνήσθην</em></span> <span class='ocrx_word' id='word_1_62' title='bbox 1266 739 1316 787; x_wconf 91' lang='lat' dir='ltr'><strong>in</strong></span> <span class='ocrx_word' id='word_1_63' title='bbox 1363 738 1389 801; x_wconf 62' lang='grc' dir='ltr'>ξ</span> <span class='ocrx_word' id='word_1_64' title='bbox 1434 743 1522 787; x_wconf 83' lang='grc'><strong>177</strong></span> <span class='ocrx_word' id='word_1_65' title='bbox 1568 739 1889 787; x_wconf 83' lang='lat' dir='ltr'><strong>adscribenda</strong></span> 
     </span>
     <span class='ocr_line' id='line_1_8' title="bbox 108 819 1888 882; baseline -0.001 -15"><span class='ocrx_word' id='word_1_66' title='bbox 108 819 296 879; x_wconf 89' lang='lat' dir='ltr'><strong>fuisset,</strong></span> <span class='ocrx_word' id='word_1_67' title='bbox 328 819 389 867; x_wconf 87' lang='lat' dir='ltr'><strong>ad</strong></span> <span class='ocrx_word' id='word_1_68' title='bbox 422 819 617 870; x_wconf 86' lang='lat' dir='ltr'><strong>verbum</strong></span> <span class='ocrx_word' id='word_1_69' title='bbox 647 823 915 882; x_wconf 73' lang='grc' dir='ltr'><strong><em>μέμνησθε</em></strong></span> <span class='ocrx_word' id='word_1_70' title='bbox 946 819 1148 867; x_wconf 84' lang='lat' dir='ltr'><strong>relatam</strong></span> <span class='ocrx_word' id='word_1_71' title='bbox 1173 833 1292 879; x_wconf 92' lang='lat' dir='ltr'><strong>esse,</strong></span> <span class='ocrx_word' id='word_1_72' title='bbox 1325 823 1544 880; x_wconf 89' lang='lat' dir='ltr'><strong>apparet.</strong></span> <span class='ocrx_word' id='word_1_73' title='bbox 1610 819 1888 868; x_wconf 83' lang='lat' dir='ltr'><strong>Cuiusmodi</strong></span> 
     </span>
     <span class='ocr_line' id='line_1_9' title="bbox 110 899 1887 961; baseline 0 -14"><span class='ocrx_word' id='word_1_74' title='bbox 110 903 274 948; x_wconf 87' lang='lat' dir='ltr'><strong>errata</strong></span> <span class='ocrx_word' id='word_1_75' title='bbox 305 899 523 960; x_wconf 84' lang='lat' dir='ltr'><strong>inprimis</strong></span> <span class='ocrx_word' id='word_1_76' title='bbox 556 900 604 947; x_wconf 93' lang='lat' dir='ltr'><strong>in</strong></span> <span class='ocrx_word' id='word_1_77' title='bbox 637 900 796 949; x_wconf 90' lang='lat' dir='ltr'><strong>codice</strong></span> <span class='ocrx_word' id='word_1_78' title='bbox 828 900 880 948; x_wconf 88' lang='lat' dir='ltr'><strong>F.</strong></span> <span class='ocrx_word' id='word_1_79' title='bbox 914 900 1040 948; x_wconf 87' lang='lat' dir='ltr'><strong>haud</strong></span> <span class='ocrx_word' id='word_1_80' title='bbox 1081 913 1238 961; x_wconf 86' lang='lat' dir='ltr'><strong>pauca</strong></span> <span class='ocrx_word' id='word_1_81' title='bbox 1266 900 1576 948; x_wconf 88' lang='lat' dir='ltr'><strong>inveniuntur</strong></span> <span class='ocrx_word' id='word_1_82' title='bbox 1592 900 1652 961; x_wconf 78' lang='lat'><strong>²),</strong></span> <span class='ocrx_word' id='word_1_83' title='bbox 1717 899 1887 961; x_wconf 86' lang='lat' dir='ltr'><strong>Neque</strong></span> 
     </span>
     <span class='ocr_line' id='line_1_10' title="bbox 108 980 1887 1049; baseline -0.001 -21"><span class='ocrx_word' id='word_1_84' title='bbox 108 994 221 1028; x_wconf 86' lang='lat' dir='ltr'><strong>vero</strong></span> <span class='ocrx_word' id='word_1_85' title='bbox 263 983 487 1040; x_wconf 89' lang='lat' dir='ltr'><strong>suspecta</strong></span> <span class='ocrx_word' id='word_1_86' title='bbox 533 980 669 1028; x_wconf 90' lang='lat' dir='ltr'><strong>nobis</strong></span> <span class='ocrx_word' id='word_1_87' title='bbox 714 993 819 1029; x_wconf 90' lang='lat' dir='ltr'><strong>esse</strong></span> <span class='ocrx_word' id='word_1_88' title='bbox 861 980 1003 1028; x_wconf 90' lang='lat' dir='ltr'><strong>debet</strong></span> <span class='ocrx_word' id='word_1_89' title='bbox 1043 980 1188 1028; x_wconf 86' lang='lat' dir='ltr'><strong>nimia</strong></span> <span class='ocrx_word' id='word_1_90' title='bbox 1232 980 1403 1040; x_wconf 79' lang='lat' dir='ltr'><strong>epilogi</strong></span> <span class='ocrx_word' id='word_1_91' title='bbox 1448 980 1720 1049; x_wconf 85' lang='lat' dir='ltr'><strong>longitudo,</strong></span> <span class='ocrx_word' id='word_1_92' title='bbox 1764 992 1887 1040; x_wconf 86' lang='lat' dir='ltr'><strong>quae</strong></span> 
     </span>
     <span class='ocr_line' id='line_1_11' title="bbox 111 1059 1887 1121; baseline 0 -14"><span class='ocrx_word' id='word_1_93' title='bbox 111 1059 202 1109; x_wconf 85' lang='lat' dir='ltr'><strong>hac</strong></span> <span class='ocrx_word' id='word_1_94' title='bbox 236 1060 477 1108; x_wconf 89' lang='lat' dir='ltr'><strong>sententia</strong></span> <span class='ocrx_word' id='word_1_95' title='bbox 512 1059 733 1109; x_wconf 87' lang='lat' dir='ltr'><strong>efficitur·</strong></span> <span class='ocrx_word' id='word_1_96' title='bbox 780 1060 953 1109; x_wconf 84' lang='lat' dir='ltr'><strong>etenim</strong></span> <span class='ocrx_word' id='word_1_97' title='bbox 995 1073 1055 1109; x_wconf 86' lang='lat' dir='ltr'><strong>ea</strong></span> <span class='ocrx_word' id='word_1_98' title='bbox 1088 1073 1276 1121; x_wconf 91' lang='lat' dir='ltr'><strong>quoque</strong></span> <span class='ocrx_word' id='word_1_99' title='bbox 1308 1061 1464 1109; x_wconf 89' lang='lat' dir='ltr'><strong>oratio</strong></span> <span class='ocrx_word' id='word_1_100' title='bbox 1479 1099 1490 1120; x_wconf 83' lang='lat'>‚</span> <span class='ocrx_word' id='word_1_101' title='bbox 1534 1074 1678 1121; x_wconf 89' lang='lat' dir='ltr'><strong>quam</strong></span> <span class='ocrx_word' id='word_1_102' title='bbox 1716 1060 1887 1108; x_wconf 89' lang='lat' dir='ltr'><strong>Demo·</strong></span> 
     </span>
     <span class='ocr_line' id='line_1_12' title="bbox 108 1139 1885 1200; baseline 0 -13"><span class='ocrx_word' id='word_1_103' title='bbox 108 1140 305 1188; x_wconf 88' lang='lat' dir='ltr'><strong>sthenes</strong></span> <span class='ocrx_word' id='word_1_104' title='bbox 349 1139 410 1187; x_wconf 89' lang='lat' dir='ltr'><strong>de</strong></span> <span class='ocrx_word' id='word_1_105' title='bbox 448 1139 572 1187; x_wconf 87' lang='lat' dir='ltr'><strong>falsa</strong></span> <span class='ocrx_word' id='word_1_106' title='bbox 614 1140 852 1199; x_wconf 85' lang='lat' dir='ltr'><strong>legatione</strong></span> <span class='ocrx_word' id='word_1_107' title='bbox 898 1140 1090 1199; x_wconf 90' lang='lat' dir='ltr'><strong>habuit,</strong></span> <span class='ocrx_word' id='word_1_108' title='bbox 1144 1141 1184 1187; x_wconf 91' lang='lat' dir='ltr'><strong>si</strong></span> <span class='ocrx_word' id='word_1_109' title='bbox 1227 1154 1324 1187; x_wconf 90' lang='lat' dir='ltr'><strong>non</strong></span> <span class='ocrx_word' id='word_1_110' title='bbox 1369 1140 1443 1187; x_wconf 89' lang='lat' dir='ltr'><strong>vel</strong></span> <span class='ocrx_word' id='word_1_111' title='bbox 1487 1141 1774 1200; x_wconf 85' lang='lat' dir='ltr'><strong>longiorem,</strong></span> <span class='ocrx_word' id='word_1_112' title='bbox 1831 1143 1885 1187; x_wconf 89' lang='lat' dir='ltr'><strong>at</strong></span> 
     </span>
     <span class='ocr_line' id='line_1_13' title="bbox 108 1219 1887 1280; baseline 0 -13"><span class='ocrx_word' id='word_1_113' title='bbox 108 1223 267 1267; x_wconf 88' lang='lat' dir='ltr'><strong>tamen</strong></span> <span class='ocrx_word' id='word_1_114' title='bbox 312 1232 474 1279; x_wconf 90' lang='lat' dir='ltr'><strong>parem</strong></span> <span class='ocrx_word' id='word_1_115' title='bbox 519 1219 618 1267; x_wconf 87' lang='lat' dir='ltr'><strong>fere</strong></span> <span class='ocrx_word' id='word_1_116' title='bbox 661 1219 900 1280; x_wconf 85' lang='lat' dir='ltr'><strong>epilogum</strong></span> <span class='ocrx_word' id='word_1_117' title='bbox 932 1219 1208 1279; x_wconf 84' lang='lat' dir='ltr'><strong>praebet³).</strong></span> <span class='ocrx_word' id='word_1_118' title='bbox 1287 1220 1410 1277; x_wconf 87' lang='lat' dir='ltr'><strong>Quin</strong></span> <span class='ocrx_word' id='word_1_119' title='bbox 1444 1220 1589 1269; x_wconf 89' lang='lat' dir='ltr'><strong>etiam</strong></span> <span class='ocrx_word' id='word_1_120' title='bbox 1619 1220 1738 1268; x_wconf 90' lang='lat' dir='ltr'><strong>bene</strong></span> <span class='ocrx_word' id='word_1_121' title='bbox 1771 1219 1887 1267; x_wconf 87' lang='lat' dir='ltr'><strong>sub·</strong></span> 
     </span>
     <span class='ocr_line' id='line_1_14' title="bbox 109 1298 1887 1359; baseline 0 -13"><span class='ocrx_word' id='word_1_122' title='bbox 109 1299 253 1346; x_wconf 90' lang='lat' dir='ltr'><strong>ducta</strong></span> <span class='ocrx_word' id='word_1_123' title='bbox 299 1298 484 1346; x_wconf 88' lang='lat' dir='ltr'><strong>ratione</strong></span> <span class='ocrx_word' id='word_1_124' title='bbox 526 1298 782 1346; x_wconf 85' lang='lat' dir='ltr'><strong>Aeschines</strong></span> <span class='ocrx_word' id='word_1_125' title='bbox 825 1298 934 1346; x_wconf 88' lang='lat' dir='ltr'><strong>ideo</strong></span> <span class='ocrx_word' id='word_1_126' title='bbox 976 1298 1097 1346; x_wconf 88' lang='lat' dir='ltr'><strong>hanc</strong></span> <span class='ocrx_word' id='word_1_127' title='bbox 1133 1302 1321 1359; x_wconf 88' lang='lat' dir='ltr'><strong>partem</strong></span> <span class='ocrx_word' id='word_1_128' title='bbox 1364 1303 1465 1347; x_wconf 91' lang='lat' dir='ltr'><strong>tam</strong></span> <span class='ocrx_word' id='word_1_129' title='bbox 1514 1299 1663 1347; x_wconf 81' lang='lat' dir='ltr'><strong>latam</strong></span> <span class='ocrx_word' id='word_1_130' title='bbox 1715 1299 1887 1346; x_wconf 84' lang='lat' dir='ltr'><strong>fecisse</strong></span> 
     </span>
     <span class='ocr_line' id='line_1_15' title="bbox 107 1378 1880 1438; baseline 0 -13"><span class='ocrx_word' id='word_1_131' title='bbox 107 1378 325 1438; x_wconf 88' lang='lat' dir='ltr'><strong>videtur,</strong></span> <span class='ocrx_word' id='word_1_132' title='bbox 371 1378 483 1438; x_wconf 85' lang='lat' dir='ltr'><strong>quia</strong></span> <span class='ocrx_word' id='word_1_133' title='bbox 526 1378 603 1426; x_wconf 92' lang='lat' dir='ltr'><strong>hic</strong></span> <span class='ocrx_word' id='word_1_134' title='bbox 645 1390 828 1426; x_wconf 89' lang='lat' dir='ltr'><strong>summa</strong></span> <span class='ocrx_word' id='word_1_135' title='bbox 876 1381 1093 1438; x_wconf 85' lang='lat' dir='ltr'><strong>potestas</strong></span> <span class='ocrx_word' id='word_1_136' title='bbox 1136 1379 1560 1438; x_wconf 87' lang='lat' dir='ltr'><strong>permovendorum</strong></span> <span class='ocrx_word' id='word_1_137' title='bbox 1614 1378 1880 1427; x_wconf 88' lang='lat' dir='ltr'><strong>animorum</strong></span> 
     </span>
     <span class='ocr_line' id='line_1_16' title="bbox 107 1452 1933 1519; baseline -0.001 -13"><span class='ocrx_word' id='word_1_138' title='bbox 107 1457 264 1507; x_wconf 89' lang='lat' dir='ltr'><strong>datur.</strong></span> <span class='ocrx_word' id='word_1_139' title='bbox 332 1458 437 1516; x_wconf 84' lang='lat' dir='ltr'><strong>Qua</strong></span> <span class='ocrx_word' id='word_1_140' title='bbox 468 1457 528 1505; x_wconf 89' lang='lat' dir='ltr'><strong>de</strong></span> <span class='ocrx_word' id='word_1_141' title='bbox 560 1472 612 1506; x_wconf 93' lang='lat' dir='ltr'><strong>re</strong></span> <span class='ocrx_word' id='word_1_142' title='bbox 644 1459 739 1506; x_wconf 88' lang='lat' dir='ltr'><strong>iam</strong></span> <span class='ocrx_word' id='word_1_143' title='bbox 774 1471 922 1519; x_wconf 88' lang='lat' dir='ltr'><strong>supra</strong></span> <span class='ocrx_word' id='word_1_144' title='bbox 954 1458 1273 1518; x_wconf 71' lang='lat' dir='ltr'><strong>exposuimus,</strong></span> <span class='ocrx_word' id='word_1_145' title='bbox 1931 1452 1933 1455; x_wconf 70' lang='grc'>’</span> 
     </span>
     <span class='ocr_line' id='line_1_17' title="bbox 230 1537 1881 1598; baseline -0.001 -13"><span class='ocrx_word' id='word_1_146' title='bbox 230 1538 333 1585; x_wconf 88' lang='lat' dir='ltr'><strong>Iam</strong></span> <span class='ocrx_word' id='word_1_147' title='bbox 366 1551 479 1586; x_wconf 83' lang='lat' dir='ltr'><strong>vero</strong></span> <span class='ocrx_word' id='word_1_148' title='bbox 511 1538 631 1586; x_wconf 89' lang='lat' dir='ltr'><strong>alius</strong></span> <span class='ocrx_word' id='word_1_149' title='bbox 665 1538 819 1586; x_wconf 88' lang='lat' dir='ltr'><strong>nodus</strong></span> <span class='ocrx_word' id='word_1_150' title='bbox 851 1538 1172 1598; x_wconf 82' lang='lat' dir='ltr'><strong>expediendus</strong></span> <span class='ocrx_word' id='word_1_151' title='bbox 1194 1542 1283 1586; x_wconf 87' lang='lat' dir='ltr'><strong>est.</strong></span> <span class='ocrx_word' id='word_1_152' title='bbox 1348 1537 1731 1597; x_wconf 85' lang='lat' dir='ltr'><strong>Respicientibus</strong></span> <span class='ocrx_word' id='word_1_153' title='bbox 1755 1537 1881 1584; x_wconf 89' lang='lat' dir='ltr'><strong>enim</strong></span> 
     </span>
     <span class='ocr_line' id='line_1_18' title="bbox 105 1604 1883 1680; baseline -0.002 -14"><span class='ocrx_word' id='word_1_154' title='bbox 105 1617 243 1666; x_wconf 92' lang='lat' dir='ltr'><strong>nobis</strong></span> <span class='ocrx_word' id='word_1_155' title='bbox 267 1617 429 1678; x_wconf 87' lang='lat' dir='ltr'><strong>verba,</strong></span> <span class='ocrx_word' id='word_1_156' title='bbox 460 1631 586 1678; x_wconf 90' lang='lat' dir='ltr'><strong>quae</strong></span> <span class='ocrx_word' id='word_1_157' title='bbox 610 1618 660 1666; x_wconf 91' lang='lat' dir='ltr'><strong>in</strong></span> <span class='ocrx_word' id='word_1_158' title='bbox 680 1617 706 1680; x_wconf 65' lang='grc' dir='ltr'>ξ</span> <span class='ocrx_word' id='word_1_159' title='bbox 729 1621 759 1666; x_wconf 87' lang='grc'>8</span> <span class='ocrx_word' id='word_1_160' title='bbox 782 1617 1025 1678; x_wconf 90' lang='lat' dir='ltr'><strong>leguntur,</strong></span> <span class='ocrx_word' id='word_1_161' title='bbox 1058 1617 1180 1677; x_wconf 70' lang='lat' dir='ltr'><strong>„e&#39;dv</strong></span> <span class='ocrx_word' id='word_1_162' title='bbox 1208 1604 1883 1679; x_wconf 60' lang='grc' dir='ltr'><strong><em>ἐξελέγξωμενᾘτησιφῶντα</em></strong></span> 
     </span>
     <span class='ocr_line' id='line_1_19' title="bbox 104 1695 1884 1764; baseline -0.001 -20"><span class='ocrx_word' id='word_1_163' title='bbox 104 1699 187 1744; x_wconf 85' lang='grc' dir='ltr'><strong>καὶ</strong></span> <span class='ocrx_word' id='word_1_164' title='bbox 221 1696 497 1758; x_wconf 81' lang='grc' dir='ltr'><em>παράνομα</em></span> <span class='ocrx_word' id='word_1_165' title='bbox 528 1697 799 1764; x_wconf 79' lang='grc' dir='ltr'><em>γράψαντα</em></span> <span class='ocrx_word' id='word_1_166' title='bbox 838 1698 921 1743; x_wconf 85' lang='grc' dir='ltr'><strong>καὶ</strong></span> <span class='ocrx_word' id='word_1_167' title='bbox 962 1697 1133 1763; x_wconf 82' lang='grc' dir='ltr'><em>ψευδῆ</em></span> <span class='ocrx_word' id='word_1_168' title='bbox 1166 1698 1249 1744; x_wconf 83' lang='grc' dir='ltr'><strong>καὶ</strong></span> <span class='ocrx_word' id='word_1_169' title='bbox 1281 1697 1557 1759; x_wconf 72' lang='grc' dir='ltr'><em>ἀσύμφορα</em></span> <span class='ocrx_word' id='word_1_170' title='bbox 1598 1699 1662 1758; x_wconf 83' lang='grc' dir='ltr'><strong>τῇ</strong></span> <span class='ocrx_word' id='word_1_171' title='bbox 1692 1695 1884 1756; x_wconf 49' lang='grc' dir='ltr'><strong>πόλειίῑ,</strong></span> 
     </span>
     <span class='ocr_line' id='line_1_20' title="bbox 106 1777 1881 1837; baseline -0.001 -12"><span class='ocrx_word' id='word_1_172' title='bbox 106 1778 202 1826; x_wconf 87' lang='lat' dir='ltr'><strong>alia</strong></span> <span class='ocrx_word' id='word_1_173' title='bbox 235 1782 285 1825; x_wconf 90' lang='lat' dir='ltr'><strong>et</strong></span> <span class='ocrx_word' id='word_1_174' title='bbox 317 1778 744 1837; x_wconf 88' lang='lat' dir='ltr'><strong>argumentationis</strong></span> <span class='ocrx_word' id='word_1_175' title='bbox 773 1781 823 1825; x_wconf 92' lang='lat' dir='ltr'><strong>et</strong></span> <span class='ocrx_word' id='word_1_176' title='bbox 855 1777 1003 1825; x_wconf 91' lang='lat' dir='ltr'><strong>totius</strong></span> <span class='ocrx_word' id='word_1_177' title='bbox 1038 1777 1267 1825; x_wconf 90' lang='lat' dir='ltr'><strong>orationis</strong></span> <span class='ocrx_word' id='word_1_178' title='bbox 1290 1778 1487 1837; x_wconf 88' lang='lat' dir='ltr'><strong>partitio</strong></span> <span class='ocrx_word' id='word_1_179' title='bbox 1511 1791 1580 1837; x_wconf 90' lang='lat' dir='ltr'><strong>ae,</strong></span> <span class='ocrx_word' id='word_1_180' title='bbox 1617 1790 1761 1837; x_wconf 89' lang='lat' dir='ltr'><strong>quam</strong></span> <span class='ocrx_word' id='word_1_181' title='bbox 1793 1789 1881 1824; x_wconf 85' lang='lat' dir='ltr'><strong>nos</strong></span> 
     </span>
     <span class='ocr_line' id='line_1_21' title="bbox 105 1856 1883 1919; baseline -0.002 -12"><span class='ocrx_word' id='word_1_182' title='bbox 105 1857 389 1919; x_wconf 86' lang='lat' dir='ltr'><strong>statuimuS,</strong></span> <span class='ocrx_word' id='word_1_183' title='bbox 432 1856 552 1906; x_wconf 87' lang='lat' dir='ltr'><strong>effici</strong></span> <span class='ocrx_word' id='word_1_184' title='bbox 587 1857 790 1906; x_wconf 89' lang='lat' dir='ltr'><strong>videtur.</strong></span> <span class='ocrx_word' id='word_1_185' title='bbox 867 1856 962 1906; x_wconf 89' lang='lat' dir='ltr'><strong>Sed</strong></span> <span class='ocrx_word' id='word_1_186' title='bbox 996 1869 1056 1905; x_wconf 93' lang='lat' dir='ltr'><strong>ne</strong></span> <span class='ocrx_word' id='word_1_187' title='bbox 1088 1856 1207 1905; x_wconf 89' lang='lat' dir='ltr'><strong>haec</strong></span> <span class='ocrx_word' id='word_1_188' title='bbox 1237 1856 1425 1919; x_wconf 74' lang='lat' dir='ltr'><strong>quidem</strong></span> <span class='ocrx_word' id='word_1_189' title='bbox 1459 1857 1667 1906; x_wconf 86' lang='lat' dir='ltr'><strong>aurificis</strong></span> <span class='ocrx_word' id='word_1_190' title='bbox 1699 1860 1883 1905; x_wconf 86' lang='lat' dir='ltr'><strong>statera</strong></span> 
     </span>
     <span class='ocr_line' id='line_1_22' title="bbox 105 1937 1882 1998; baseline 0 -13"><span class='ocrx_word' id='word_1_191' title='bbox 105 1938 424 1986; x_wconf 84' lang='lat' dir='ltr'><strong>examinanda</strong></span> <span class='ocrx_word' id='word_1_192' title='bbox 471 1951 577 1985; x_wconf 90' lang='lat' dir='ltr'><strong>esse</strong></span> <span class='ocrx_word' id='word_1_193' title='bbox 621 1947 876 1985; x_wconf 73' lang='lat' dir='ltr'><strong>censemus:</strong></span> <span class='ocrx_word' id='word_1_194' title='bbox 960 1937 1065 1984; x_wconf 90' lang='lat' dir='ltr'><strong>Vox</strong></span> <span class='ocrx_word' id='word_1_195' title='bbox 1122 1937 1454 1998; x_wconf 75' lang='grc' dir='ltr'><em>,,παροένομα“</em></span> <span class='ocrx_word' id='word_1_196' title='bbox 1509 1937 1770 1997; x_wconf 88' lang='lat' dir='ltr'><strong>significat,</strong></span> <span class='ocrx_word' id='word_1_197' title='bbox 1824 1951 1882 1985; x_wconf 87' lang='lat' dir='ltr'><strong>ex</strong></span> 
     </span>
     <span class='ocr_line' id='line_1_23' title="bbox 105 2015 1880 2080; baseline -0.002 -13"><span class='ocrx_word' id='word_1_198' title='bbox 105 2018 221 2080; x_wconf 90' lang='lat' dir='ltr'><strong>ipsis</strong></span> <span class='ocrx_word' id='word_1_199' title='bbox 264 2017 551 2078; x_wconf 88' lang='lat' dir='ltr'><strong>quibusdam</strong></span> <span class='ocrx_word' id='word_1_200' title='bbox 597 2017 782 2078; x_wconf 90' lang='lat' dir='ltr'><strong>legibus</strong></span> <span class='ocrx_word' id='word_1_201' title='bbox 816 2016 1131 2066; x_wconf 83' lang='lat' dir='ltr'><strong>consideratis</strong></span> <span class='ocrx_word' id='word_1_202' title='bbox 1162 2017 1288 2066; x_wconf 90' lang='lat' dir='ltr'><strong>illico</strong></span> <span class='ocrx_word' id='word_1_203' title='bbox 1330 2017 1484 2079; x_wconf 88' lang='lat' dir='ltr'><strong>sequi,</strong></span> <span class='ocrx_word' id='word_1_204' title='bbox 1534 2020 1589 2065; x_wconf 87' lang='lat' dir='ltr'><strong>ut</strong></span> <span class='ocrx_word' id='word_1_205' title='bbox 1622 2015 1880 2077; x_wconf 89' lang='lat' dir='ltr'><strong>Ctesiphon</strong></span> 
     </span>
     <span class='ocr_line' id='line_1_24' title="bbox 107 2095 1884 2158; baseline -0.002 -12"><span class='ocrx_word' id='word_1_206' title='bbox 107 2102 277 2146; x_wconf 88' lang='lat' dir='ltr'><strong>contra</strong></span> <span class='ocrx_word' id='word_1_207' title='bbox 319 2110 400 2145; x_wconf 88' lang='lat' dir='ltr'><strong>eas</strong></span> <span class='ocrx_word' id='word_1_208' title='bbox 441 2098 704 2157; x_wconf 85' lang='lat' dir='ltr'><strong>rogaverit,</strong></span> <span class='ocrx_word' id='word_1_209' title='bbox 747 2102 797 2146; x_wconf 90' lang='lat' dir='ltr'><strong>et</strong></span> <span class='ocrx_word' id='word_1_210' title='bbox 838 2101 1026 2158; x_wconf 89' lang='lat' dir='ltr'><strong>spectat</strong></span> <span class='ocrx_word' id='word_1_211' title='bbox 1066 2096 1129 2144; x_wconf 89' lang='lat' dir='ltr'><strong>ad</strong></span> <span class='ocrx_word' id='word_1_212' title='bbox 1173 2097 1293 2145; x_wconf 91' lang='lat' dir='ltr'><strong>duos</strong></span> <span class='ocrx_word' id='word_1_213' title='bbox 1332 2098 1516 2157; x_wconf 87' lang='lat' dir='ltr'><strong>priores</strong></span> <span class='ocrx_word' id='word_1_214' title='bbox 1549 2097 1677 2144; x_wconf 89' lang='lat' dir='ltr'><strong>locos</strong></span> <span class='ocrx_word' id='word_1_215' title='bbox 1712 2095 1884 2144; x_wconf 88' lang='lat' dir='ltr'><strong>confir-</strong></span> 
     </span>
     <span class='ocr_line' id='line_1_25' title="bbox 106 2176 1882 2243; baseline 0 -18"><span class='ocrx_word' id='word_1_216' title='bbox 106 2177 346 2226; x_wconf 86' lang='lat' dir='ltr'><strong>mationis.</strong></span> <span class='ocrx_word' id='word_1_217' title='bbox 412 2177 517 2226; x_wconf 85' lang='lat' dir='ltr'><strong>Vox</strong></span> <span class='ocrx_word' id='word_1_218' title='bbox 533 2177 766 2243; x_wconf 81' lang='grc' dir='ltr'><strong><em>,,ψευδῆ“</em></strong></span> <span class='ocrx_word' id='word_1_219' title='bbox 792 2181 978 2238; x_wconf 87' lang='lat' dir='ltr'><strong>spectat</strong></span> <span class='ocrx_word' id='word_1_220' title='bbox 999 2177 1059 2225; x_wconf 88' lang='lat' dir='ltr'><strong>ad</strong></span> <span class='ocrx_word' id='word_1_221' title='bbox 1081 2177 1148 2237; x_wconf 85' lang='lat' dir='ltr'><strong>id,</strong></span> <span class='ocrx_word' id='word_1_222' title='bbox 1180 2177 1306 2237; x_wconf 89' lang='lat' dir='ltr'><strong>quod</strong></span> <span class='ocrx_word' id='word_1_223' title='bbox 1330 2177 1474 2225; x_wconf 91' lang='lat' dir='ltr'><strong>tertio</strong></span> <span class='ocrx_word' id='word_1_224' title='bbox 1510 2176 1882 2225; x_wconf 87' lang='lat' dir='ltr'><strong>confirmationis</strong></span> 
     </span>
     <span class='ocr_line' id='line_1_26' title="bbox 103 2256 1881 2321; baseline -0.002 -14"><span class='ocrx_word' id='word_1_225' title='bbox 103 2259 206 2307; x_wconf 92' lang='lat' dir='ltr'><strong>loco</strong></span> <span class='ocrx_word' id='word_1_226' title='bbox 236 2258 494 2318; x_wconf 88' lang='lat' dir='ltr'><strong>probatur,</strong></span> <span class='ocrx_word' id='word_1_227' title='bbox 539 2257 663 2305; x_wconf 86' lang='lat' dir='ltr'><strong>falsa</strong></span> <span class='ocrx_word' id='word_1_228' title='bbox 702 2258 838 2306; x_wconf 93' lang='lat' dir='ltr'><strong>illum</strong></span> <span class='ocrx_word' id='word_1_229' title='bbox 878 2258 937 2306; x_wconf 92' lang='lat' dir='ltr'><strong>de</strong></span> <span class='ocrx_word' id='word_1_230' title='bbox 972 2257 1293 2321; x_wconf 79' lang='lat' dir='ltr'><strong>Demosthene</strong></span> <span class='ocrx_word' id='word_1_231' title='bbox 1335 2257 1650 2318; x_wconf 83' lang='lat' dir='ltr'><strong>praedicasse.</strong></span> <span class='ocrx_word' id='word_1_232' title='bbox 1727 2256 1881 2314; x_wconf 85' lang='lat' dir='ltr'><strong>Quum</strong></span> 
     </span>
     <span class='ocr_line' id='line_1_27' title="bbox 104 2335 1880 2398; baseline -0.001 -13"><span class='ocrx_word' id='word_1_233' title='bbox 104 2341 266 2386; x_wconf 88' lang='lat' dir='ltr'><strong>autem</strong></span> <span class='ocrx_word' id='word_1_234' title='bbox 310 2337 418 2384; x_wconf 86' lang='lat' dir='ltr'><strong>aliis</strong></span> <span class='ocrx_word' id='word_1_235' title='bbox 462 2337 647 2397; x_wconf 91' lang='lat' dir='ltr'><strong>legibus</strong></span> <span class='ocrx_word' id='word_1_236' title='bbox 691 2338 895 2386; x_wconf 86' lang='lat' dir='ltr'><strong>vetitum</strong></span> <span class='ocrx_word' id='word_1_237' title='bbox 930 2343 1078 2395; x_wconf 89' lang='lat' dir='ltr'><strong>esset,</strong></span> <span class='ocrx_word' id='word_1_238' title='bbox 1130 2337 1389 2398; x_wconf 85' lang='lat' dir='ltr'><strong>quidquam</strong></span> <span class='ocrx_word' id='word_1_239' title='bbox 1430 2335 1539 2384; x_wconf 89' lang='lat' dir='ltr'><strong>falsi</strong></span> <span class='ocrx_word' id='word_1_240' title='bbox 1582 2337 1633 2383; x_wconf 93' lang='lat' dir='ltr'><strong>in</strong></span> <span class='ocrx_word' id='word_1_241' title='bbox 1676 2335 1880 2385; x_wconf 85' lang='lat' dir='ltr'><strong>decretis</strong></span> 
     </span>
     <span class='ocr_line' id='line_1_28' title="bbox 104 2416 1883 2479; baseline -0.001 -14"><span class='ocrx_word' id='word_1_242' title='bbox 104 2417 304 2479; x_wconf 89' lang='lat' dir='ltr'><strong>publicis</strong></span> <span class='ocrx_word' id='word_1_243' title='bbox 338 2417 506 2476; x_wconf 87' lang='lat' dir='ltr'><strong>scribi,</strong></span> <span class='ocrx_word' id='word_1_244' title='bbox 540 2417 899 2478; x_wconf 81' lang='lat' dir='ltr'><strong>Ctesiphontem</strong></span> <span class='ocrx_word' id='word_1_245' title='bbox 932 2421 1102 2466; x_wconf 87' lang='lat' dir='ltr'><strong>contra</strong></span> <span class='ocrx_word' id='word_1_246' title='bbox 1136 2417 1222 2464; x_wconf 87' lang='lat' dir='ltr'><strong>has</strong></span> <span class='ocrx_word' id='word_1_247' title='bbox 1253 2429 1441 2477; x_wconf 91' lang='lat' dir='ltr'><strong>quoque</strong></span> <span class='ocrx_word' id='word_1_248' title='bbox 1471 2429 1690 2476; x_wconf 82' lang='lat' dir='ltr'><strong>rogasse,</strong></span> <span class='ocrx_word' id='word_1_249' title='bbox 1733 2416 1883 2474; x_wconf 80' lang='lat' dir='ltr'><strong>mani-</strong></span> 
     </span>
     <span class='ocr_line' id='line_1_29' title="bbox 100 2496 1880 2558; baseline 0 -12"><span class='ocrx_word' id='word_1_250' title='bbox 100 2498 276 2546; x_wconf 88' lang='lat' dir='ltr'><strong>festum</strong></span> <span class='ocrx_word' id='word_1_251' title='bbox 302 2502 422 2558; x_wconf 89' lang='lat' dir='ltr'><strong>erat,</strong></span> <span class='ocrx_word' id='word_1_252' title='bbox 456 2497 511 2556; x_wconf 85' lang='lat' dir='ltr'><strong>si,</strong></span> <span class='ocrx_word' id='word_1_253' title='bbox 538 2498 872 2546; x_wconf 87' lang='lat' dir='ltr'><strong>Demosthenis</strong></span> <span class='ocrx_word' id='word_1_254' title='bbox 894 2498 1063 2547; x_wconf 89' lang='lat' dir='ltr'><strong>laudes</strong></span> <span class='ocrx_word' id='word_1_255' title='bbox 1088 2511 1141 2545; x_wconf 93' lang='lat' dir='ltr'><strong>re</strong></span> <span class='ocrx_word' id='word_1_256' title='bbox 1161 2511 1275 2545; x_wconf 87' lang='lat' dir='ltr'><strong>vera</strong></span> <span class='ocrx_word' id='word_1_257' title='bbox 1300 2497 1448 2558; x_wconf 70' lang='lat' dir='ltr'><strong>falsas</strong></span> <span class='ocrx_word' id='word_1_258' title='bbox 1471 2510 1589 2557; x_wconf 91' lang='lat' dir='ltr'><strong>esse,</strong></span> <span class='ocrx_word' id='word_1_259' title='bbox 1625 2496 1880 2546; x_wconf 87' lang='lat' dir='ltr'><strong>Aeschines</strong></span> 
     </span>
     <span class='ocr_line' id='line_1_30' title="bbox 100 2576 1882 2647; baseline 0 -21"><span class='ocrx_word' id='word_1_260' title='bbox 100 2579 330 2640; x_wconf 86' lang='lat' dir='ltr'><strong>probaret</strong></span> <span class='ocrx_word' id='word_1_261' title='bbox 346 2581 406 2639; x_wconf 78' lang='lat'><strong>⁴).</strong></span> <span class='ocrx_word' id='word_1_262' title='bbox 482 2579 610 2640; x_wconf 91' lang='lat' dir='ltr'><strong>Ergo</strong></span> <span class='ocrx_word' id='word_1_263' title='bbox 643 2593 737 2627; x_wconf 85' lang='lat' dir='ltr'><strong>vox</strong></span> <span class='ocrx_word' id='word_1_264' title='bbox 765 2579 1001 2647; x_wconf 82' lang='grc' dir='ltr'><strong>,,ψευδῆ“</strong></span> <span class='ocrx_word' id='word_1_265' title='bbox 1034 2579 1157 2627; x_wconf 88' lang='lat' dir='ltr'><strong>idem</strong></span> <span class='ocrx_word' id='word_1_266' title='bbox 1204 2578 1392 2626; x_wconf 89' lang='lat' dir='ltr'><strong>omnino</strong></span> <span class='ocrx_word' id='word_1_267' title='bbox 1426 2577 1555 2626; x_wconf 86' lang='lat' dir='ltr'><strong>valet</strong></span> <span class='ocrx_word' id='word_1_268' title='bbox 1592 2592 1649 2626; x_wconf 86' lang='lat' dir='ltr'><strong>ac</strong></span> <span class='ocrx_word' id='word_1_269' title='bbox 1682 2576 1882 2640; x_wconf 61' lang='lat' dir='ltr'><strong>„naed-</strong></span> 
     </span>
     <span class='ocr_line' id='line_1_31' title="bbox 101 2657 1883 2720; baseline 0.001 -15"><span class='ocrx_word' id='word_1_270' title='bbox 101 2659 275 2720; x_wconf 83' lang='grc' dir='ltr'>νομα“.</span> <span class='ocrx_word' id='word_1_271' title='bbox 352 2659 526 2719; x_wconf 89' lang='lat' dir='ltr'><strong>Itaque</strong></span> <span class='ocrx_word' id='word_1_272' title='bbox 560 2659 663 2707; x_wconf 89' lang='lat' dir='ltr'><strong>iure</strong></span> <span class='ocrx_word' id='word_1_273' title='bbox 694 2659 744 2706; x_wconf 91' lang='lat' dir='ltr'><strong>in</strong></span> <span class='ocrx_word' id='word_1_274' title='bbox 773 2659 854 2720; x_wconf 87' lang='lat' dir='ltr'><strong>iis,</strong></span> <span class='ocrx_word' id='word_1_275' title='bbox 894 2672 1015 2720; x_wconf 88' lang='lat' dir='ltr'><strong>quae</strong></span> <span class='ocrx_word' id='word_1_276' title='bbox 1061 2657 1170 2707; x_wconf 91' lang='lat' dir='ltr'><strong>huic</strong></span> <span class='ocrx_word' id='word_1_277' title='bbox 1203 2658 1410 2707; x_wconf 88' lang='lat' dir='ltr'><strong>orationi</strong></span> <span class='ocrx_word' id='word_1_278' title='bbox 1442 2658 1582 2718; x_wconf 89' lang='lat' dir='ltr'><strong>vulgo</strong></span> <span class='ocrx_word' id='word_1_279' title='bbox 1616 2658 1883 2719; x_wconf 86' lang='lat' dir='ltr'><strong>praemissa</strong></span> 
     </span>
    </p>
   </div>
   <div class='ocr_carea' id='block_1_3' title="bbox 100 2828 1881 2947">
    <p class='ocr_par' dir='ltr' id='par_1_3' title="bbox 100 2828 1881 2947">
     <span class='ocr_line' id='line_1_32' title="bbox 208 2828 1881 2883; baseline -0.001 -11"><span class='ocrx_word' id='word_1_280' title='bbox 208 2832 252 2883; x_wconf 87' lang='lat'><strong>1)</strong></span> <span class='ocrx_word' id='word_1_281' title='bbox 279 2830 395 2872; x_wconf 89' lang='lat' dir='ltr'><strong>Idem</strong></span> <span class='ocrx_word' id='word_1_282' title='bbox 433 2831 669 2872; x_wconf 85' lang='lat' dir='ltr'><strong>accuratius</strong></span> <span class='ocrx_word' id='word_1_283' title='bbox 705 2830 857 2882; x_wconf 88' lang='lat' dir='ltr'><strong>legitur</strong></span> <span class='ocrx_word' id='word_1_284' title='bbox 893 2830 936 2871; x_wconf 90' lang='lat' dir='ltr'><strong>in</strong></span> <span class='ocrx_word' id='word_1_285' title='bbox 972 2829 1115 2872; x_wconf 91' lang='lat' dir='ltr'><strong>codice</strong></span> <span class='ocrx_word' id='word_1_286' title='bbox 1156 2829 1370 2872; x_wconf 85' lang='lat' dir='ltr'><strong>Marciano</strong></span> <span class='ocrx_word' id='word_1_287' title='bbox 1406 2841 1540 2881; x_wconf 86' lang='lat' dir='ltr'><strong>nuper</strong></span> <span class='ocrx_word' id='word_1_288' title='bbox 1581 2828 1744 2871; x_wconf 90' lang='lat' dir='ltr'><strong>demum</strong></span> <span class='ocrx_word' id='word_1_289' title='bbox 1783 2841 1810 2872; x_wconf 80' lang='lat' dir='ltr'><strong>a</strong></span> <span class='ocrx_word' id='word_1_290' title='bbox 1834 2828 1881 2871; x_wconf 79' lang='lat' dir='ltr'><strong>F.</strong></span> 
     </span>
     <span class='ocr_line' id='line_1_33' title="bbox 100 2895 1880 2947; baseline -0.003 -7"><span class='ocrx_word' id='word_1_291' title='bbox 100 2897 312 2940; x_wconf 86' lang='lat' dir='ltr'><strong>Schultzio</strong></span> <span class='ocrx_word' id='word_1_292' title='bbox 334 2897 502 2937; x_wconf 89' lang='lat' dir='ltr'><strong>collato.</strong></span> <span class='ocrx_word' id='word_1_293' title='bbox 558 2896 838 2947; x_wconf 86' lang='lat' dir='ltr'><strong>Perscriptum</strong></span> <span class='ocrx_word' id='word_1_294' title='bbox 861 2900 925 2937; x_wconf 86' lang='lat' dir='ltr'><strong>est</strong></span> <span class='ocrx_word' id='word_1_295' title='bbox 953 2902 1111 2936; x_wconf 81' lang='lat' dir='ltr'><strong>autem:</strong></span> <span class='ocrx_word' id='word_1_296' title='bbox 1139 2896 1358 2942; x_wconf 47' lang='grc' dir='ltr'><strong>,ἐντεῦθεν</strong></span> <span class='ocrx_word' id='word_1_297' title='bbox 1377 2897 1510 2934; x_wconf 61' lang='grc' dir='ltr'><strong><em>λοιπὸν</em></strong></span> <span class='ocrx_word' id='word_1_298' title='bbox 1537 2897 1575 2933; x_wconf 74' lang='grc' dir='ltr'><strong>οἱ</strong></span> <span class='ocrx_word' id='word_1_299' title='bbox 1598 2896 1801 2945; x_wconf 59' lang='lat' dir='ltr'><strong>fullero-‘⁸</strong></span> <span class='ocrx_word' id='word_1_300' title='bbox 1829 2895 1880 2935; x_wconf 85' lang='lat' dir='ltr'><strong>cf.</strong></span> 
     </span>
    </p>
   </div>
   <div class='ocr_carea' id='block_1_4' title="bbox 102 2962 1288 3145">
    <p class='ocr_par' dir='ltr' id='par_1_4' title="bbox 102 2962 1288 3145">
     <span class='ocr_line' id='line_1_34' title="bbox 102 2962 461 3005; baseline -0.008 0"><span class='ocrx_word' id='word_1_301' title='bbox 102 2964 217 3005; x_wconf 89' lang='lat' dir='ltr'><strong>Iahn.</strong></span> <span class='ocrx_word' id='word_1_302' title='bbox 248 2975 340 3004; x_wconf 89' lang='lat' dir='ltr'><strong>ann.</strong></span> <span class='ocrx_word' id='word_1_303' title='bbox 368 2962 396 3003; x_wconf 92' lang='lat'><strong>1.</strong></span> <span class='ocrx_word' id='word_1_304' title='bbox 427 2974 461 3002; x_wconf 90' lang='lat' dir='ltr'><strong>c.</strong></span> 
     </span>
     <span class='ocr_line' id='line_1_35' title="bbox 208 3026 932 3080; baseline -0.003 -12"><span class='ocrx_word' id='word_1_305' title='bbox 208 3029 253 3080; x_wconf 85' lang='lat'><strong>2)</strong></span> <span class='ocrx_word' id='word_1_306' title='bbox 281 3028 332 3069; x_wconf 90' lang='lat' dir='ltr'><strong>cf.</strong></span> <span class='ocrx_word' id='word_1_307' title='bbox 360 3026 586 3068; x_wconf 88' lang='lat' dir='ltr'><strong>editionem</strong></span> <span class='ocrx_word' id='word_1_308' title='bbox 614 3026 932 3068; x_wconf 84' lang='lat' dir='ltr'><strong>Schultzianam.</strong></span> 
     </span>
     <span class='ocr_line' id='line_1_36' title="bbox 207 3091 1288 3145; baseline -0.004 -11"><span class='ocrx_word' id='word_1_309' title='bbox 207 3094 252 3144; x_wconf 87' lang='lat'><strong>3)</strong></span> <span class='ocrx_word' id='word_1_310' title='bbox 279 3093 330 3133; x_wconf 89' lang='lat' dir='ltr'><strong>cf.</strong></span> <span class='ocrx_word' id='word_1_311' title='bbox 361 3092 569 3134; x_wconf 84' lang='lat' dir='ltr'><strong>Schaefer.</strong></span> <span class='ocrx_word' id='word_1_312' title='bbox 598 3091 652 3145; x_wconf 84' lang='grc' dir='ltr'><strong>ΙΙ,</strong></span> <span class='ocrx_word' id='word_1_313' title='bbox 682 3092 761 3133; x_wconf 83' lang='grc'><strong>373</strong></span> <span class='ocrx_word' id='word_1_314' title='bbox 789 3096 831 3133; x_wconf 90' lang='lat' dir='ltr'><strong>et</strong></span> <span class='ocrx_word' id='word_1_315' title='bbox 863 3091 1100 3133; x_wconf 88' lang='lat' dir='ltr'><strong>Volkmann</strong></span> <span class='ocrx_word' id='word_1_316' title='bbox 1129 3104 1170 3142; x_wconf 90' lang='lat' dir='ltr'><strong>p.</strong></span> <span class='ocrx_word' id='word_1_317' title='bbox 1199 3092 1288 3132; x_wconf 86' lang='lat'><strong>202.</strong></span> 
     </span>
    </p>
   </div>
   <div class='ocr_carea' id='block_1_5' title="bbox 204 3157 657 3210">
    <p class='ocr_par' dir='ltr' id='par_1_5' title="bbox 204 3157 657 3210">
     <span class='ocr_line' id='line_1_37' title="bbox 204 3157 657 3210; baseline -0.004 -10"><span class='ocrx_word' id='word_1_318' title='bbox 204 3160 245 3209; x_wconf 79' lang='lat'><strong>4)</strong></span> <span class='ocrx_word' id='word_1_319' title='bbox 273 3158 324 3200; x_wconf 88' lang='lat' dir='ltr'><strong>cf.</strong></span> <span class='ocrx_word' id='word_1_320' title='bbox 353 3159 377 3210; x_wconf 73' lang='lat' dir='ltr'>S</span> <span class='ocrx_word' id='word_1_321' title='bbox 407 3157 458 3197; x_wconf 82' lang='lat'><strong>50</strong></span> <span class='ocrx_word' id='word_1_322' title='bbox 486 3157 569 3198; x_wconf 89' lang='lat' dir='ltr'><strong>hui.</strong></span> <span class='ocrx_word' id='word_1_323' title='bbox 600 3169 657 3198; x_wconf 91' lang='lat' dir='ltr'><strong>or.</strong></span> 
     </span>
    </p>
   </div>
  </div>
 </body>
</html>
