<?xml version="1.0" encoding="UTF-8"?>
<!DOCTYPE html PUBLIC "-//W3C//DTD XHTML 1.0 Transitional//EN"
    "http://www.w3.org/TR/xhtml1/DTD/xhtml1-transitional.dtd">
<html xmlns="http://www.w3.org/1999/xhtml" xml:lang="en" lang="en">
 <head>
  <title>
</title>
<meta http-equiv="Content-Type" content="text/html;charset=utf-8" />
  <meta name='ocr-system' content='tesseract 3.04.00' />
  <meta name='ocr-capabilities' content='ocr_page ocr_carea ocr_par ocr_line ocrx_word'/>
</head>
<body>
  <div class='ocr_page' id='page_1' title='image "4737164_0029.png"; bbox 0 0 2063 3494; ppageno 0'>
   <div class='ocr_carea' id='block_1_1' title="bbox 989 96 1052 148">
    <p class='ocr_par' dir='ltr' id='par_1_1' title="bbox 989 96 1052 148">
     <span class='ocr_line' id='line_1_1' title="bbox 989 96 1052 148; baseline -0.016 0"><span class='ocrx_word' id='word_1_1' title='bbox 989 96 1052 148; x_wconf 84' lang='lat'><strong>21</strong></span> 
     </span>
    </p>
   </div>
   <div class='ocr_carea' id='block_1_2' title="bbox 118 252 1945 2968">
    <p class='ocr_par' dir='ltr' id='par_1_2' title="bbox 118 252 1945 2968">
     <span class='ocr_line' id='line_1_2' title="bbox 138 252 1901 322; baseline -0.004 -16"><span class='ocrx_word' id='word_1_2' title='bbox 138 259 187 306; x_wconf 92' lang='lat' dir='ltr'><strong>in</strong></span> <span class='ocrx_word' id='word_1_3' title='bbox 219 256 578 322; x_wconf 78' lang='lat' dir='ltr'><strong>magistratibus</strong></span> <span class='ocrx_word' id='word_1_4' title='bbox 613 256 974 305; x_wconf 83' lang='lat' dir='ltr'><strong>Demosthenem</strong></span> <span class='ocrx_word' id='word_1_5' title='bbox 1007 255 1276 303; x_wconf 89' lang='lat' dir='ltr'><strong>habendum</strong></span> <span class='ocrx_word' id='word_1_6' title='bbox 1312 254 1472 301; x_wconf 85' lang='lat' dir='ltr'><strong>fuisse.</strong></span> <span class='ocrx_word' id='word_1_7' title='bbox 1543 252 1707 316; x_wconf 88' lang='lat' dir='ltr'><strong>Neque</strong></span> <span class='ocrx_word' id='word_1_8' title='bbox 1742 257 1901 300; x_wconf 81' lang='lat' dir='ltr'><strong>tamen</strong></span> 
     </span>
     <span class='ocr_line' id='line_1_3' title="bbox 139 332 1898 399; baseline -0.005 -13"><span class='ocrx_word' id='word_1_9' title='bbox 139 349 487 399; x_wconf 87' lang='lat' dir='ltr'><strong>supervacanea</strong></span> <span class='ocrx_word' id='word_1_10' title='bbox 524 340 610 384; x_wconf 89' lang='lat' dir='ltr'><strong>aut</strong></span> <span class='ocrx_word' id='word_1_11' title='bbox 644 336 842 385; x_wconf 89' lang='lat' dir='ltr'><strong>molesta</strong></span> <span class='ocrx_word' id='word_1_12' title='bbox 869 340 919 384; x_wconf 89' lang='lat' dir='ltr'><strong>et</strong></span> <span class='ocrx_word' id='word_1_13' title='bbox 948 335 1116 396; x_wconf 83' lang='lat' dir='ltr'><strong>put-ida</strong></span> <span class='ocrx_word' id='word_1_14' title='bbox 1140 334 1351 383; x_wconf 87' lang='lat' dir='ltr'><strong>eiusdem</strong></span> <span class='ocrx_word' id='word_1_15' title='bbox 1385 332 1649 382; x_wconf 88' lang='lat' dir='ltr'><strong>sententiae</strong></span> <span class='ocrx_word' id='word_1_16' title='bbox 1681 332 1898 393; x_wconf 81' lang='lat' dir='ltr'><strong>repetitio</strong></span> 
     </span>
     <span class='ocr_line' id='line_1_4' title="bbox 136 401 1898 479; baseline -0.004 -15"><span class='ocrx_word' id='word_1_17' title='bbox 136 416 347 479; x_wconf 88' lang='lat' dir='ltr'><strong>putanda</strong></span> <span class='ocrx_word' id='word_1_18' title='bbox 381 420 479 476; x_wconf 86' lang='lat' dir='ltr'><strong>est,</strong></span> <span class='ocrx_word' id='word_1_19' title='bbox 522 416 602 464; x_wconf 88' lang='lat' dir='ltr'><strong>sed</strong></span> <span class='ocrx_word' id='word_1_20' title='bbox 647 417 796 464; x_wconf 90' lang='lat' dir='ltr'><strong>omnis</strong></span> <span class='ocrx_word' id='word_1_21' title='bbox 844 415 918 464; x_wconf 90' lang='lat' dir='ltr'><strong>hic</strong></span> <span class='ocrx_word' id='word_1_22' title='bbox 962 414 1328 475; x_wconf 88' lang='lat' dir='ltr'><strong>argumentandi</strong></span> <span class='ocrx_word' id='word_1_23' title='bbox 1370 413 1534 461; x_wconf 88' lang='lat' dir='ltr'><strong>modus</strong></span> <span class='ocrx_word' id='word_1_24' title='bbox 1577 401 1640 459; x_wconf 89' lang='lat' dir='ltr'><strong>ad</strong></span> <span class='ocrx_word' id='word_1_25' title='bbox 1679 414 1898 458; x_wconf 89' lang='lat' dir='ltr'><strong>naturam</strong></span> 
     </span>
     <span class='ocr_line' id='line_1_5' title="bbox 139 491 1905 557; baseline -0.003 -13"><span class='ocrx_word' id='word_1_26' title='bbox 139 497 430 545; x_wconf 87' lang='lat' dir='ltr'><strong>Graecorum</strong></span> <span class='ocrx_word' id='word_1_27' title='bbox 462 496 874 557; x_wconf 84' lang='lat' dir='ltr'><strong>Romanorumque</strong></span> <span class='ocrx_word' id='word_1_28' title='bbox 919 495 1215 556; x_wconf 81' lang='lat' dir='ltr'><strong>eloquentiae</strong></span> <span class='ocrx_word' id='word_1_29' title='bbox 1254 508 1310 542; x_wconf 88' lang='lat' dir='ltr'><strong>ac</strong></span> <span class='ocrx_word' id='word_1_30' title='bbox 1349 493 1674 555; x_wconf 84' lang='lat' dir='ltr'><strong>quotidianum</strong></span> <span class='ocrx_word' id='word_1_31' title='bbox 1707 491 1905 539; x_wconf 91' lang='lat' dir='ltr'><strong>iudicio-</strong></span> 
     </span>
     <span class='ocr_line' id='line_1_6' title="bbox 136 572 1902 637; baseline -0.003 -12"><span class='ocrx_word' id='word_1_32' title='bbox 136 591 241 626; x_wconf 89' lang='lat' dir='ltr'><strong>rum</strong></span> <span class='ocrx_word' id='word_1_33' title='bbox 286 576 653 637; x_wconf 88' lang='lat' dir='ltr'><strong>concionumque</strong></span> <span class='ocrx_word' id='word_1_34' title='bbox 705 590 843 625; x_wconf 91' lang='lat' dir='ltr'><strong>usum</strong></span> <span class='ocrx_word' id='word_1_35' title='bbox 896 575 1187 625; x_wconf 85' lang='lat' dir='ltr'><strong>referendus.</strong></span> <span class='ocrx_word' id='word_1_36' title='bbox 1270 575 1418 635; x_wconf 88' lang='lat' dir='ltr'><strong>Nam,</strong></span> <span class='ocrx_word' id='word_1_37' title='bbox 1482 587 1627 633; x_wconf 92' lang='lat' dir='ltr'><strong>quum</strong></span> <span class='ocrx_word' id='word_1_38' title='bbox 1685 572 1902 620; x_wconf 86' lang='lat' dir='ltr'><strong>doctrina</strong></span> 
     </span>
     <span class='ocr_line' id='line_1_7' title="bbox 139 651 1903 719; baseline -0.004 -13"><span class='ocrx_word' id='word_1_39' title='bbox 139 671 323 717; x_wconf 90' lang='lat' dir='ltr'><strong>eorum,</strong></span> <span class='ocrx_word' id='word_1_40' title='bbox 371 656 454 719; x_wconf 88' lang='lat' dir='ltr'><strong>qui</strong></span> <span class='ocrx_word' id='word_1_41' title='bbox 488 656 731 718; x_wconf 85' lang='lat' dir='ltr'><strong>sophistae</strong></span> <span class='ocrx_word' id='word_1_42' title='bbox 763 657 1096 718; x_wconf 84' lang='lat' dir='ltr'><strong>nominantur,</strong></span> <span class='ocrx_word' id='word_1_43' title='bbox 1139 670 1233 705; x_wconf 90' lang='lat' dir='ltr'><strong>non</strong></span> <span class='ocrx_word' id='word_1_44' title='bbox 1277 654 1416 703; x_wconf 90' lang='lat' dir='ltr'><strong>modo</strong></span> <span class='ocrx_word' id='word_1_45' title='bbox 1450 667 1635 702; x_wconf 91' lang='lat' dir='ltr'><strong>omnem</strong></span> <span class='ocrx_word' id='word_1_46' title='bbox 1667 651 1903 702; x_wconf 88' lang='lat' dir='ltr'><strong>sentiendi</strong></span> 
     </span>
     <span class='ocr_line' id='line_1_8' title="bbox 135 732 1900 798; baseline -0.005 -12"><span class='ocrx_word' id='word_1_47' title='bbox 135 736 464 798; x_wconf 83' lang='lat' dir='ltr'><strong>cogitandique</strong></span> <span class='ocrx_word' id='word_1_48' title='bbox 495 736 750 798; x_wconf 87' lang='lat' dir='ltr'><strong>rationem,</strong></span> <span class='ocrx_word' id='word_1_49' title='bbox 783 737 867 785; x_wconf 90' lang='lat' dir='ltr'><strong>sed</strong></span> <span class='ocrx_word' id='word_1_50' title='bbox 901 737 1044 785; x_wconf 86' lang='lat' dir='ltr'><strong>etiam</strong></span> <span class='ocrx_word' id='word_1_51' title='bbox 1081 750 1259 785; x_wconf 89' lang='lat' dir='ltr'><strong>morem</strong></span> <span class='ocrx_word' id='word_1_52' title='bbox 1293 735 1476 783; x_wconf 88' lang='lat' dir='ltr'><strong>civilem</strong></span> <span class='ocrx_word' id='word_1_53' title='bbox 1509 735 1723 795; x_wconf 86' lang='lat' dir='ltr'><strong>inprimis</strong></span> <span class='ocrx_word' id='word_1_54' title='bbox 1754 732 1900 781; x_wconf 90' lang='lat' dir='ltr'><strong>Athe-</strong></span> 
     </span>
     <span class='ocr_line' id='line_1_9' title="bbox 134 816 1945 884; baseline -0.002 -20"><span class='ocrx_word' id='word_1_55' title='bbox 134 818 366 865; x_wconf 83' lang='lat' dir='ltr'><strong>niensium</strong></span> <span class='ocrx_word' id='word_1_56' title='bbox 398 818 649 865; x_wconf 90' lang='lat' dir='ltr'><strong>immutare</strong></span> <span class='ocrx_word' id='word_1_57' title='bbox 679 819 924 878; x_wconf 88' lang='lat' dir='ltr'><strong>coepisset,</strong></span> <span class='ocrx_word' id='word_1_58' title='bbox 957 831 1132 877; x_wconf 87' lang='lat' dir='ltr'><strong>magna</strong></span> <span class='ocrx_word' id='word_1_59' title='bbox 1162 818 1296 877; x_wconf 91' lang='lat' dir='ltr'><strong>copia</strong></span> <span class='ocrx_word' id='word_1_60' title='bbox 1320 817 1565 865; x_wconf 90' lang='lat' dir='ltr'><strong>humilium</strong></span> <span class='ocrx_word' id='word_1_61' title='bbox 1591 816 1899 863; x_wconf 88' lang='lat' dir='ltr'><strong>minutorum·</strong></span> <span class='ocrx_word' id='word_1_62' title='bbox 1936 876 1945 884; x_wconf 87' lang='lat'><strong>.</strong></span> 
     </span>
     <span class='ocr_line' id='line_1_10' title="bbox 135 895 1898 959; baseline -0.003 -12"><span class='ocrx_word' id='word_1_63' title='bbox 135 911 226 959; x_wconf 91' lang='lat' dir='ltr'><strong>qne</strong></span> <span class='ocrx_word' id='word_1_64' title='bbox 257 896 564 947; x_wconf 87' lang='lat' dir='ltr'><strong>artificiorum</strong></span> <span class='ocrx_word' id='word_1_65' title='bbox 600 912 656 946; x_wconf 90' lang='lat' dir='ltr'><strong>ac</strong></span> <span class='ocrx_word' id='word_1_66' title='bbox 697 902 938 959; x_wconf 87' lang='lat' dir='ltr'><strong>tamquam</strong></span> <span class='ocrx_word' id='word_1_67' title='bbox 971 897 1292 946; x_wconf 90' lang='lat' dir='ltr'><strong>machinarum</strong></span> <span class='ocrx_word' id='word_1_68' title='bbox 1324 898 1372 946; x_wconf 91' lang='lat' dir='ltr'><strong>in</strong></span> <span class='ocrx_word' id='word_1_69' title='bbox 1406 895 1793 946; x_wconf 90' lang='lat' dir='ltr'><strong>consuetudinem</strong></span> <span class='ocrx_word' id='word_1_70' title='bbox 1827 895 1898 943; x_wconf 93' lang='lat' dir='ltr'><strong>iu-</strong></span> 
     </span>
     <span class='ocr_line' id='line_1_11' title="bbox 132 978 1894 1039; baseline -0.002 -13"><span class='ocrx_word' id='word_1_71' title='bbox 132 979 361 1026; x_wconf 88' lang='lat' dir='ltr'><strong>diciorum</strong></span> <span class='ocrx_word' id='word_1_72' title='bbox 398 978 765 1039; x_wconf 88' lang='lat' dir='ltr'><strong>concionumque</strong></span> <span class='ocrx_word' id='word_1_73' title='bbox 808 978 1071 1038; x_wconf 87' lang='lat' dir='ltr'><strong>irrepebat,</strong></span> <span class='ocrx_word' id='word_1_74' title='bbox 1114 991 1236 1039; x_wconf 91' lang='lat' dir='ltr'><strong>quae</strong></span> <span class='ocrx_word' id='word_1_75' title='bbox 1279 992 1389 1026; x_wconf 86' lang='lat' dir='ltr'><strong>mox</strong></span> <span class='ocrx_word' id='word_1_76' title='bbox 1421 981 1521 1026; x_wconf 88' lang='lat' dir='ltr'><strong>tam</strong></span> <span class='ocrx_word' id='word_1_77' title='bbox 1562 979 1708 1025; x_wconf 86' lang='lat' dir='ltr'><strong>tritae</strong></span> <span class='ocrx_word' id='word_1_78' title='bbox 1741 980 1894 1035; x_wconf 91' lang='lat' dir='ltr'><strong>erant,</strong></span> 
     </span>
     <span class='ocr_line' id='line_1_12' title="bbox 130 1057 1895 1119; baseline -0.001 -12"><span class='ocrx_word' id='word_1_79' title='bbox 130 1062 186 1107; x_wconf 91' lang='lat' dir='ltr'><strong>ut</strong></span> <span class='ocrx_word' id='word_1_80' title='bbox 218 1059 293 1106; x_wconf 87' lang='lat' dir='ltr'><strong>vel</strong></span> <span class='ocrx_word' id='word_1_81' title='bbox 326 1058 594 1118; x_wconf 87' lang='lat' dir='ltr'><strong>gravissimi</strong></span> <span class='ocrx_word' id='word_1_82' title='bbox 625 1058 714 1106; x_wconf 92' lang='lat' dir='ltr'><strong>viri</strong></span> <span class='ocrx_word' id='word_1_83' title='bbox 746 1058 805 1106; x_wconf 89' lang='lat' dir='ltr'><strong>iis</strong></span> <span class='ocrx_word' id='word_1_84' title='bbox 836 1059 909 1107; x_wconf 91' lang='lat' dir='ltr'><strong>uti</strong></span> <span class='ocrx_word' id='word_1_85' title='bbox 952 1073 1044 1106; x_wconf 91' lang='lat' dir='ltr'><strong>non</strong></span> <span class='ocrx_word' id='word_1_86' title='bbox 1080 1062 1379 1119; x_wconf 88' lang='lat' dir='ltr'><strong>vererentur,</strong></span> <span class='ocrx_word' id='word_1_87' title='bbox 1419 1072 1572 1119; x_wconf 89' lang='lat' dir='ltr'><strong>neque</strong></span> <span class='ocrx_word' id='word_1_88' title='bbox 1603 1058 1657 1119; x_wconf 93' lang='lat' dir='ltr'><strong>ii,</strong></span> <span class='ocrx_word' id='word_1_89' title='bbox 1699 1057 1781 1118; x_wconf 91' lang='lat' dir='ltr'><strong>qui</strong></span> <span class='ocrx_word' id='word_1_90' title='bbox 1813 1072 1895 1105; x_wconf 88' lang='lat' dir='ltr'><strong>au-</strong></span> 
     </span>
     <span class='ocr_line' id='line_1_13' title="bbox 130 1125 1896 1199; baseline -0.001 -13"><span class='ocrx_word' id='word_1_91' title='bbox 130 1125 339 1198; x_wconf 86' lang='lat' dir='ltr'><strong>diebant,</strong></span> <span class='ocrx_word' id='word_1_92' title='bbox 364 1151 654 1199; x_wconf 78' lang='lat' dir='ltr'><strong>magnopere</strong></span> <span class='ocrx_word' id='word_1_93' title='bbox 674 1137 1038 1186; x_wconf 88' lang='lat' dir='ltr'><strong>offenderentur.</strong></span> <span class='ocrx_word' id='word_1_94' title='bbox 1103 1139 1271 1199; x_wconf 89' lang='lat' dir='ltr'><strong>Itaque</strong></span> <span class='ocrx_word' id='word_1_95' title='bbox 1300 1139 1589 1187; x_wconf 90' lang='lat' dir='ltr'><strong>accusatoris</strong></span> <span class='ocrx_word' id='word_1_96' title='bbox 1610 1138 1896 1199; x_wconf 86' lang='lat' dir='ltr'><strong>permultum</strong></span> 
     </span>
     <span class='ocr_line' id='line_1_14' title="bbox 130 1218 1896 1279; baseline -0.001 -13"><span class='ocrx_word' id='word_1_97' title='bbox 130 1219 362 1267; x_wconf 90' lang='lat' dir='ltr'><strong>interesse</strong></span> <span class='ocrx_word' id='word_1_98' title='bbox 395 1232 599 1279; x_wconf 88' lang='lat' dir='ltr'><strong>aequum</strong></span> <span class='ocrx_word' id='word_1_99' title='bbox 629 1222 758 1279; x_wconf 90' lang='lat' dir='ltr'><strong>erat,</strong></span> <span class='ocrx_word' id='word_1_100' title='bbox 803 1222 882 1278; x_wconf 89' lang='lat' dir='ltr'><strong>ut,</strong></span> <span class='ocrx_word' id='word_1_101' title='bbox 922 1232 1232 1279; x_wconf 89' lang='lat' dir='ltr'><strong>quaecunque</strong></span> <span class='ocrx_word' id='word_1_102' title='bbox 1265 1219 1362 1267; x_wconf 90' lang='lat' dir='ltr'><strong>suis</strong></span> <span class='ocrx_word' id='word_1_103' title='bbox 1393 1219 1684 1279; x_wconf 88' lang='lat' dir='ltr'><strong>argumentis</strong></span> <span class='ocrx_word' id='word_1_104' title='bbox 1716 1218 1777 1266; x_wconf 89' lang='lat' dir='ltr'><strong>ab</strong></span> <span class='ocrx_word' id='word_1_105' title='bbox 1810 1218 1896 1264; x_wconf 89' lang='lat' dir='ltr'><strong>ad-</strong></span> 
     </span>
     <span class='ocr_line' id='line_1_15' title="bbox 134 1298 1899 1367; baseline -0.001 -21"><span class='ocrx_word' id='word_1_106' title='bbox 134 1299 357 1347; x_wconf 89' lang='lat' dir='ltr'><strong>versariis</strong></span> <span class='ocrx_word' id='word_1_107' title='bbox 381 1299 553 1367; x_wconf 86' lang='lat' dir='ltr'><strong>opponi</strong></span> <span class='ocrx_word' id='word_1_108' title='bbox 579 1302 789 1360; x_wconf 88' lang='lat' dir='ltr'><strong>possent,</strong></span> <span class='ocrx_word' id='word_1_109' title='bbox 812 1300 1121 1360; x_wconf 83' lang='lat' dir='ltr'><strong>excogitaret,</strong></span> <span class='ocrx_word' id='word_1_110' title='bbox 1147 1300 1414 1359; x_wconf 85' lang='lat' dir='ltr'><strong>excogitata</strong></span> <span class='ocrx_word' id='word_1_111' title='bbox 1439 1303 1599 1348; x_wconf 90' lang='lat' dir='ltr'><strong>autem</strong></span> <span class='ocrx_word' id='word_1_112' title='bbox 1622 1298 1899 1346; x_wconf 88' lang='lat' dir='ltr'><strong>ostenderet</strong></span> 
     </span>
     <span class='ocr_line' id='line_1_16' title="bbox 129 1379 1897 1441; baseline -0.001 -15"><span class='ocrx_word' id='word_1_113' title='bbox 129 1383 180 1427; x_wconf 91' lang='lat' dir='ltr'><strong>et</strong></span> <span class='ocrx_word' id='word_1_114' title='bbox 220 1379 478 1439; x_wconf 87' lang='lat' dir='ltr'><strong>refutaret,</strong></span> <span class='ocrx_word' id='word_1_115' title='bbox 528 1393 588 1427; x_wconf 91' lang='lat' dir='ltr'><strong>ne</strong></span> <span class='ocrx_word' id='word_1_116' title='bbox 630 1380 699 1426; x_wconf 93' lang='lat' dir='ltr'><strong>illi</strong></span> <span class='ocrx_word' id='word_1_117' title='bbox 741 1380 798 1427; x_wconf 92' lang='lat' dir='ltr'><strong>iis</strong></span> <span class='ocrx_word' id='word_1_118' title='bbox 843 1384 1013 1439; x_wconf 88' lang='lat' dir='ltr'><strong>postea</strong></span> <span class='ocrx_word' id='word_1_119' title='bbox 1056 1384 1329 1440; x_wconf 87' lang='lat' dir='ltr'><strong>uterentur,</strong></span> <span class='ocrx_word' id='word_1_120' title='bbox 1374 1385 1484 1441; x_wconf 92' lang='lat' dir='ltr'><strong>aut,</strong></span> <span class='ocrx_word' id='word_1_121' title='bbox 1539 1380 1581 1427; x_wconf 90' lang='lat' dir='ltr'><strong>si</strong></span> <span class='ocrx_word' id='word_1_122' title='bbox 1624 1384 1781 1426; x_wconf 90' lang='lat' dir='ltr'><strong>tamen</strong></span> <span class='ocrx_word' id='word_1_123' title='bbox 1825 1379 1897 1426; x_wconf 89' lang='lat' dir='ltr'><strong>uti</strong></span> 
     </span>
     <span class='ocr_line' id='line_1_17' title="bbox 130 1460 1897 1521; baseline -0.001 -14"><span class='ocrx_word' id='word_1_124' title='bbox 130 1460 384 1521; x_wconf 86' lang='lat' dir='ltr'><strong>auderent,</strong></span> <span class='ocrx_word' id='word_1_125' title='bbox 436 1473 496 1508; x_wconf 90' lang='lat' dir='ltr'><strong>ne</strong></span> <span class='ocrx_word' id='word_1_126' title='bbox 554 1460 732 1508; x_wconf 90' lang='lat' dir='ltr'><strong>iudices</strong></span> <span class='ocrx_word' id='word_1_127' title='bbox 788 1463 1074 1519; x_wconf 82' lang='lat' dir='ltr'><strong>caperentur</strong></span> <span class='ocrx_word' id='word_1_128' title='bbox 1128 1464 1212 1508; x_wconf 89' lang='lat' dir='ltr'><strong>aut</strong></span> <span class='ocrx_word' id='word_1_129' title='bbox 1264 1460 1423 1521; x_wconf 91' lang='lat' dir='ltr'><strong>aliqua</strong></span> <span class='ocrx_word' id='word_1_130' title='bbox 1464 1460 1652 1508; x_wconf 89' lang='lat' dir='ltr'><strong>ratione</strong></span> <span class='ocrx_word' id='word_1_131' title='bbox 1693 1472 1897 1507; x_wconf 88' lang='lat' dir='ltr'><strong>commo-</strong></span> 
     </span>
     <span class='ocr_line' id='line_1_18' title="bbox 125 1525 1898 1601; baseline -0.001 -14"><span class='ocrx_word' id='word_1_132' title='bbox 125 1527 365 1589; x_wconf 86' lang='lat' dir='ltr'><strong>verentur.</strong></span> <span class='ocrx_word' id='word_1_133' title='bbox 430 1539 724 1588; x_wconf 90' lang='lat' dir='ltr'><strong>Permultum</strong></span> <span class='ocrx_word' id='word_1_134' title='bbox 760 1539 1023 1601; x_wconf 87' lang='lat' dir='ltr'><strong>referebat,</strong></span> <span class='ocrx_word' id='word_1_135' title='bbox 1059 1525 1137 1601; x_wconf 78' lang='lat' dir='ltr'><strong>ut,</strong></span> <span class='ocrx_word' id='word_1_136' title='bbox 1167 1544 1449 1588; x_wconf 87' lang='lat' dir='ltr'><strong>coacervata</strong></span> <span class='ocrx_word' id='word_1_137' title='bbox 1479 1539 1614 1601; x_wconf 88' lang='lat' dir='ltr'><strong>copia</strong></span> <span class='ocrx_word' id='word_1_138' title='bbox 1644 1552 1898 1599; x_wconf 88' lang='lat' dir='ltr'><strong>argumen-</strong></span> 
     </span>
     <span class='ocr_line' id='line_1_19' title="bbox 128 1620 1895 1682; baseline -0.001 -14"><span class='ocrx_word' id='word_1_139' title='bbox 128 1624 309 1681; x_wconf 90' lang='lat' dir='ltr'><strong>torum,</strong></span> <span class='ocrx_word' id='word_1_140' title='bbox 342 1621 500 1668; x_wconf 90' lang='lat' dir='ltr'><strong>omnia</strong></span> <span class='ocrx_word' id='word_1_141' title='bbox 535 1620 827 1669; x_wconf 88' lang='lat' dir='ltr'><strong>deverticula</strong></span> <span class='ocrx_word' id='word_1_142' title='bbox 861 1635 1115 1682; x_wconf 87' lang='lat' dir='ltr'><strong>omnesque</strong></span> <span class='ocrx_word' id='word_1_143' title='bbox 1148 1621 1358 1669; x_wconf 89' lang='lat' dir='ltr'><strong>latebras</strong></span> <span class='ocrx_word' id='word_1_144' title='bbox 1392 1620 1682 1669; x_wconf 88' lang='lat' dir='ltr'><strong>adversariis</strong></span> <span class='ocrx_word' id='word_1_145' title='bbox 1715 1620 1895 1680; x_wconf 88' lang='lat' dir='ltr'><strong>praeci-</strong></span> 
     </span>
     <span class='ocr_line' id='line_1_20' title="bbox 130 1700 1893 1762; baseline -0.001 -13"><span class='ocrx_word' id='word_1_146' title='bbox 130 1700 280 1757; x_wconf 87' lang='lat' dir='ltr'><strong>deret,</strong></span> <span class='ocrx_word' id='word_1_147' title='bbox 311 1704 365 1749; x_wconf 94' lang='lat' dir='ltr'><strong>ut</strong></span> <span class='ocrx_word' id='word_1_148' title='bbox 396 1701 429 1749; x_wconf 90' lang='lat' dir='ltr'><strong>ii</strong></span> <span class='ocrx_word' id='word_1_149' title='bbox 461 1705 705 1761; x_wconf 85' lang='lat' dir='ltr'><strong>tamquam</strong></span> <span class='ocrx_word' id='word_1_150' title='bbox 740 1701 922 1762; x_wconf 86' lang='lat' dir='ltr'><strong>laqueis</strong></span> <span class='ocrx_word' id='word_1_151' title='bbox 955 1701 1131 1749; x_wconf 81' lang='lat' dir='ltr'><strong>irretit-i</strong></span> <span class='ocrx_word' id='word_1_152' title='bbox 1166 1706 1311 1762; x_wconf 89' lang='lat' dir='ltr'><strong>atque</strong></span> <span class='ocrx_word' id='word_1_153' title='bbox 1350 1701 1463 1749; x_wconf 90' lang='lat' dir='ltr'><strong>nudi</strong></span> <span class='ocrx_word' id='word_1_154' title='bbox 1503 1701 1721 1748; x_wconf 86' lang='lat' dir='ltr'><strong>destituti</strong></span> <span class='ocrx_word' id='word_1_155' title='bbox 1751 1705 1800 1748; x_wconf 87' lang='lat' dir='ltr'><strong>et</strong></span> <span class='ocrx_word' id='word_1_156' title='bbox 1833 1701 1893 1748; x_wconf 88' lang='lat' dir='ltr'><strong>ab</strong></span> 
     </span>
     <span class='ocr_line' id='line_1_21' title="bbox 125 1781 1895 1830; baseline 0 -1"><span class='ocrx_word' id='word_1_157' title='bbox 125 1782 250 1829; x_wconf 91' lang='lat' dir='ltr'><strong>omni</strong></span> <span class='ocrx_word' id='word_1_158' title='bbox 285 1782 461 1829; x_wconf 88' lang='lat' dir='ltr'><strong>auxilio</strong></span> <span class='ocrx_word' id='word_1_159' title='bbox 495 1782 709 1829; x_wconf 89' lang='lat' dir='ltr'><strong>derelicti</strong></span> <span class='ocrx_word' id='word_1_160' title='bbox 743 1782 1011 1829; x_wconf 87' lang='lat' dir='ltr'><strong>inferiorem</strong></span> <span class='ocrx_word' id='word_1_161' title='bbox 1045 1795 1235 1829; x_wconf 87' lang='lat' dir='ltr'><strong>causam</strong></span> <span class='ocrx_word' id='word_1_162' title='bbox 1261 1782 1416 1830; x_wconf 87' lang='lat' dir='ltr'><strong>dicere</strong></span> <span class='ocrx_word' id='word_1_163' title='bbox 1440 1781 1724 1829; x_wconf 89' lang='lat' dir='ltr'><strong>viderentur.</strong></span> <span class='ocrx_word' id='word_1_164' title='bbox 1791 1781 1895 1829; x_wconf 89' lang='lat' dir='ltr'><strong>Hac</strong></span> 
     </span>
     <span class='ocr_line' id='line_1_22' title="bbox 123 1861 1891 1922; baseline 0.001 -13"><span class='ocrx_word' id='word_1_165' title='bbox 123 1862 312 1922; x_wconf 89' lang='lat' dir='ltr'><strong>quidem</strong></span> <span class='ocrx_word' id='word_1_166' title='bbox 353 1865 459 1908; x_wconf 89' lang='lat' dir='ltr'><strong>arte</strong></span> <span class='ocrx_word' id='word_1_167' title='bbox 500 1862 624 1908; x_wconf 90' lang='lat' dir='ltr'><strong>inter</strong></span> <span class='ocrx_word' id='word_1_168' title='bbox 665 1875 826 1909; x_wconf 89' lang='lat' dir='ltr'><strong>omnes</strong></span> <span class='ocrx_word' id='word_1_169' title='bbox 875 1862 1048 1909; x_wconf 90' lang='lat' dir='ltr'><strong>eminet</strong></span> <span class='ocrx_word' id='word_1_170' title='bbox 1092 1862 1461 1922; x_wconf 84' lang='lat' dir='ltr'><strong>DemostheneS,</strong></span> <span class='ocrx_word' id='word_1_171' title='bbox 1507 1861 1593 1910; x_wconf 89' lang='lat' dir='ltr'><strong>sed</strong></span> <span class='ocrx_word' id='word_1_172' title='bbox 1633 1861 1891 1910; x_wconf 88' lang='lat' dir='ltr'><strong>Aeschines</strong></span> 
     </span>
     <span class='ocr_line' id='line_1_23' title="bbox 123 1941 1894 2002; baseline 0.001 -14"><span class='ocrx_word' id='word_1_173' title='bbox 123 1942 234 1989; x_wconf 92' lang='lat' dir='ltr'><strong>huic</strong></span> <span class='ocrx_word' id='word_1_174' title='bbox 265 1955 359 1989; x_wconf 89' lang='lat' dir='ltr'><strong>non</strong></span> <span class='ocrx_word' id='word_1_175' title='bbox 390 1941 592 1988; x_wconf 90' lang='lat' dir='ltr'><strong>multum</strong></span> <span class='ocrx_word' id='word_1_176' title='bbox 626 1941 765 1999; x_wconf 90' lang='lat' dir='ltr'><strong>cedit,</strong></span> <span class='ocrx_word' id='word_1_177' title='bbox 799 1941 849 1989; x_wconf 92' lang='lat' dir='ltr'><strong>id</strong></span> <span class='ocrx_word' id='word_1_178' title='bbox 872 1942 998 2001; x_wconf 88' lang='lat' dir='ltr'><strong>quod</strong></span> <span class='ocrx_word' id='word_1_179' title='bbox 1031 1956 1088 1989; x_wconf 88' lang='lat' dir='ltr'><strong>ex</strong></span> <span class='ocrx_word' id='word_1_180' title='bbox 1121 1943 1209 1989; x_wconf 90' lang='lat' dir='ltr'><strong>hoc</strong></span> <span class='ocrx_word' id='word_1_181' title='bbox 1240 1942 1452 2002; x_wconf 83' lang='lat' dir='ltr'><strong>exemplo</strong></span> <span class='ocrx_word' id='word_1_182' title='bbox 1474 1943 1743 2002; x_wconf 89' lang='lat' dir='ltr'><strong>perspicere</strong></span> <span class='ocrx_word' id='word_1_183' title='bbox 1766 1942 1894 1990; x_wconf 85' lang='lat' dir='ltr'><strong>licet.</strong></span> 
     </span>
     <span class='ocr_line' id='line_1_24' title="bbox 122 2020 1891 2082; baseline 0 -13"><span class='ocrx_word' id='word_1_184' title='bbox 122 2021 213 2069; x_wconf 88' lang='lat' dir='ltr'><strong>Est</strong></span> <span class='ocrx_word' id='word_1_185' title='bbox 234 2025 392 2069; x_wconf 91' lang='lat' dir='ltr'><strong>autem</strong></span> <span class='ocrx_word' id='word_1_186' title='bbox 416 2020 533 2068; x_wconf 91' lang='lat' dir='ltr'><strong>haec</strong></span> <span class='ocrx_word' id='word_1_187' title='bbox 558 2024 664 2068; x_wconf 89' lang='lat' dir='ltr'><strong>tota</strong></span> <span class='ocrx_word' id='word_1_188' title='bbox 688 2022 1039 2081; x_wconf 85' lang='lat' dir='ltr'><strong>argumentatio</strong></span> <span class='ocrx_word' id='word_1_189' title='bbox 1063 2021 1124 2069; x_wconf 91' lang='lat' dir='ltr'><strong>ad</strong></span> <span class='ocrx_word' id='word_1_190' title='bbox 1136 2021 1343 2070; x_wconf 78' lang='lat' dir='ltr'><strong>‘formam</strong></span> <span class='ocrx_word' id='word_1_191' title='bbox 1375 2036 1561 2082; x_wconf 90' lang='lat' dir='ltr'><strong>quoque</strong></span> <span class='ocrx_word' id='word_1_192' title='bbox 1594 2021 1891 2070; x_wconf 85' lang='lat' dir='ltr'><strong>refutationis</strong></span> 
     </span>
     <span class='ocr_line' id='line_1_25' title="bbox 125 2100 1892 2163; baseline -0.001 -13"><span class='ocrx_word' id='word_1_193' title='bbox 125 2102 408 2163; x_wconf 86' lang='lat' dir='ltr'><strong>composita,</strong></span> <span class='ocrx_word' id='word_1_194' title='bbox 444 2115 589 2162; x_wconf 90' lang='lat' dir='ltr'><strong>quum</strong></span> <span class='ocrx_word' id='word_1_195' title='bbox 622 2100 684 2149; x_wconf 90' lang='lat' dir='ltr'><strong>ab</strong></span> <span class='ocrx_word' id='word_1_196' title='bbox 715 2102 773 2150; x_wconf 91' lang='lat' dir='ltr'><strong>iis</strong></span> <span class='ocrx_word' id='word_1_197' title='bbox 805 2100 1155 2163; x_wconf 88' lang='lat' dir='ltr'><strong>proficiscatur,</strong></span> <span class='ocrx_word' id='word_1_198' title='bbox 1188 2117 1310 2163; x_wconf 89' lang='lat' dir='ltr'><strong>quae</strong></span> <span class='ocrx_word' id='word_1_199' title='bbox 1344 2103 1599 2151; x_wconf 84' lang='lat' dir='ltr'><strong>Aeschines</strong></span> <span class='ocrx_word' id='word_1_200' title='bbox 1633 2103 1693 2150; x_wconf 88' lang='lat' dir='ltr'><strong>ab</strong></span> <span class='ocrx_word' id='word_1_201' title='bbox 1726 2103 1892 2151; x_wconf 85' lang='lat' dir='ltr'><strong>adver-</strong></span> 
     </span>
     <span class='ocr_line' id='line_1_26' title="bbox 125 2182 1890 2243; baseline -0.001 -12"><span class='ocrx_word' id='word_1_202' title='bbox 125 2183 264 2231; x_wconf 87' lang='lat' dir='ltr'><strong>sariis</strong></span> <span class='ocrx_word' id='word_1_203' title='bbox 295 2182 637 2231; x_wconf 89' lang='lat' dir='ltr'><strong>contradictum</strong></span> <span class='ocrx_word' id='word_1_204' title='bbox 673 2182 732 2229; x_wconf 84' lang='lat' dir='ltr'><strong>iri</strong></span> <span class='ocrx_word' id='word_1_205' title='bbox 765 2183 1050 2243; x_wconf 88' lang='lat' dir='ltr'><strong>suspicatur.</strong></span> <span class='ocrx_word' id='word_1_206' title='bbox 1128 2183 1260 2241; x_wconf 86' lang='lat' dir='ltr'><strong>Quae</strong></span> <span class='ocrx_word' id='word_1_207' title='bbox 1302 2184 1425 2231; x_wconf 89' lang='lat' dir='ltr'><strong>ratio</strong></span> <span class='ocrx_word' id='word_1_208' title='bbox 1465 2197 1494 2230; x_wconf 90' lang='lat' dir='ltr'><strong>a</strong></span> <span class='ocrx_word' id='word_1_209' title='bbox 1539 2183 1807 2231; x_wconf 84' lang='lat' dir='ltr'><strong>rhetoribus</strong></span> <span class='ocrx_word' id='word_1_210' title='bbox 1842 2185 1890 2230; x_wconf 88' lang='lat' dir='ltr'><strong>in</strong></span> 
     </span>
     <span class='ocr_line' id='line_1_27' title="bbox 121 2262 1893 2329; baseline 0 -19"><span class='ocrx_word' id='word_1_211' title='bbox 121 2262 300 2324; x_wconf 89' lang='lat' dir='ltr'><strong>figuras</strong></span> <span class='ocrx_word' id='word_1_212' title='bbox 343 2263 688 2311; x_wconf 86' lang='lat' dir='ltr'><strong>sententiarum</strong></span> <span class='ocrx_word' id='word_1_213' title='bbox 738 2262 946 2310; x_wconf 85' lang='lat' dir='ltr'><strong>refertur</strong></span> <span class='ocrx_word' id='word_1_214' title='bbox 1005 2267 1053 2310; x_wconf 87' lang='lat' dir='ltr'><strong>et</strong></span> <span class='ocrx_word' id='word_1_215' title='bbox 1103 2264 1287 2310; x_wconf 89' lang='lat' dir='ltr'><strong>nomine</strong></span> <span class='ocrx_word' id='word_1_216' title='bbox 1331 2263 1583 2329; x_wconf 79' lang='grc' dir='ltr'><em>πρόληψις</em></span> <span class='ocrx_word' id='word_1_217' title='bbox 1627 2265 1725 2311; x_wconf 87' lang='lat' dir='ltr'><strong>sivo</strong></span> <span class='ocrx_word' id='word_1_218' title='bbox 1774 2281 1893 2324; x_wconf 84' lang='grc' dir='ltr'><em>προ-</em></span> 
     </span>
     <span class='ocr_line' id='line_1_28' title="bbox 122 2343 1887 2409; baseline 0.001 -20"><span class='ocrx_word' id='word_1_219' title='bbox 122 2343 420 2409; x_wconf 79' lang='grc' dir='ltr'><em>κατάληψις,</em></span> <span class='ocrx_word' id='word_1_220' title='bbox 470 2343 638 2390; x_wconf 86' lang='lat' dir='ltr'><strong>Latine</strong></span> <span class='ocrx_word' id='word_1_221' title='bbox 685 2343 973 2402; x_wconf 86' lang='lat' dir='ltr'><strong>praesumtio</strong></span> <span class='ocrx_word' id='word_1_222' title='bbox 1021 2343 1121 2390; x_wconf 90' lang='lat' dir='ltr'><strong>sive</strong></span> <span class='ocrx_word' id='word_1_223' title='bbox 1173 2344 1550 2403; x_wconf 86' lang='lat' dir='ltr'><strong>anteoccupatio,</strong></span> <span class='ocrx_word' id='word_1_224' title='bbox 1601 2344 1887 2403; x_wconf 86' lang='lat' dir='ltr'><strong>appellatur.</strong></span> 
     </span>
     <span class='ocr_line' id='line_1_29' title="bbox 123 2422 1888 2483; baseline 0.001 -12"><span class='ocrx_word' id='word_1_225' title='bbox 123 2423 270 2471; x_wconf 86' lang='lat' dir='ltr'><strong>Cuius</strong></span> <span class='ocrx_word' id='word_1_226' title='bbox 299 2424 369 2471; x_wconf 89' lang='lat' dir='ltr'><strong>vis</strong></span> <span class='ocrx_word' id='word_1_227' title='bbox 404 2423 551 2482; x_wconf 87' lang='lat' dir='ltr'><strong>igitur</strong></span> <span class='ocrx_word' id='word_1_228' title='bbox 580 2422 697 2470; x_wconf 89' lang='lat' dir='ltr'><strong>haec</strong></span> <span class='ocrx_word' id='word_1_229' title='bbox 728 2426 826 2482; x_wconf 90' lang='lat' dir='ltr'><strong>est,</strong></span> <span class='ocrx_word' id='word_1_230' title='bbox 876 2426 931 2469; x_wconf 91' lang='lat' dir='ltr'><strong>ut</strong></span> <span class='ocrx_word' id='word_1_231' title='bbox 961 2427 1266 2483; x_wconf 81' lang='lat' dir='ltr'><strong>argumenta,</strong></span> <span class='ocrx_word' id='word_1_232' title='bbox 1301 2423 1472 2483; x_wconf 90' lang='lat' dir='ltr'><strong>quibus</strong></span> <span class='ocrx_word' id='word_1_233' title='bbox 1504 2423 1804 2472; x_wconf 85' lang='lat' dir='ltr'><strong>adversarius</strong></span> <span class='ocrx_word' id='word_1_234' title='bbox 1840 2425 1888 2471; x_wconf 89' lang='lat' dir='ltr'><strong>in</strong></span> 
     </span>
     <span class='ocr_line' id='line_1_30' title="bbox 122 2500 1884 2565; baseline 0.001 -14"><span class='ocrx_word' id='word_1_235' title='bbox 122 2516 257 2551; x_wconf 88' lang='lat' dir='ltr'><strong>suam</strong></span> <span class='ocrx_word' id='word_1_236' title='bbox 289 2517 387 2551; x_wconf 88' lang='lat' dir='ltr'><strong>rem</strong></span> <span class='ocrx_word' id='word_1_237' title='bbox 420 2503 492 2551; x_wconf 90' lang='lat' dir='ltr'><strong>uti</strong></span> <span class='ocrx_word' id='word_1_238' title='bbox 512 2500 677 2564; x_wconf 87' lang='lat' dir='ltr'><strong>possit,</strong></span> <span class='ocrx_word' id='word_1_239' title='bbox 710 2505 1117 2563; x_wconf 89' lang='lat' dir='ltr'><strong>praeoccupentur</strong></span> <span class='ocrx_word' id='word_1_240' title='bbox 1139 2502 1371 2564; x_wconf 88' lang='lat' dir='ltr'><strong>simulque</strong></span> <span class='ocrx_word' id='word_1_241' title='bbox 1391 2503 1513 2551; x_wconf 88' lang='lat' dir='ltr'><strong>illico</strong></span> <span class='ocrx_word' id='word_1_242' title='bbox 1539 2503 1808 2552; x_wconf 80' lang='lat' dir='ltr'><strong>refutentur</strong></span> <span class='ocrx_word' id='word_1_243' title='bbox 1828 2506 1884 2565; x_wconf 87' lang='lat'><strong>¹).</strong></span> 
     </span>
     <span class='ocr_line' id='line_1_31' title="bbox 120 2583 1887 2645; baseline 0.001 -14"><span class='ocrx_word' id='word_1_244' title='bbox 120 2584 222 2631; x_wconf 90' lang='lat' dir='ltr'><strong>Iam</strong></span> <span class='ocrx_word' id='word_1_245' title='bbox 258 2598 368 2633; x_wconf 90' lang='lat' dir='ltr'><strong>vero</strong></span> <span class='ocrx_word' id='word_1_246' title='bbox 406 2584 568 2645; x_wconf 89' lang='lat' dir='ltr'><strong>quaeri</strong></span> <span class='ocrx_word' id='word_1_247' title='bbox 606 2586 787 2644; x_wconf 88' lang='lat' dir='ltr'><strong>potest,</strong></span> <span class='ocrx_word' id='word_1_248' title='bbox 827 2596 923 2642; x_wconf 90' lang='lat' dir='ltr'><strong>qua</strong></span> <span class='ocrx_word' id='word_1_249' title='bbox 966 2597 1024 2630; x_wconf 85' lang='lat' dir='ltr'><strong>ex</strong></span> <span class='ocrx_word' id='word_1_250' title='bbox 1053 2597 1199 2631; x_wconf 89' lang='lat' dir='ltr'><strong>causa</strong></span> <span class='ocrx_word' id='word_1_251' title='bbox 1231 2583 1487 2632; x_wconf 84' lang='lat' dir='ltr'><strong>Aeschines</strong></span> <span class='ocrx_word' id='word_1_252' title='bbox 1520 2586 1714 2632; x_wconf 88' lang='lat' dir='ltr'><strong>tertium</strong></span> <span class='ocrx_word' id='word_1_253' title='bbox 1747 2599 1887 2645; x_wconf 87' lang='lat' dir='ltr'><strong>argu-</strong></span> 
     </span>
     <span class='ocr_line' id='line_1_32' title="bbox 120 2664 1888 2726; baseline 0.001 -14"><span class='ocrx_word' id='word_1_254' title='bbox 120 2669 330 2714; x_wconf 88' lang='lat' dir='ltr'><strong>mentum</strong></span> <span class='ocrx_word' id='word_1_255' title='bbox 362 2679 466 2715; x_wconf 91' lang='lat' dir='ltr'><strong>cum</strong></span> <span class='ocrx_word' id='word_1_256' title='bbox 509 2665 662 2726; x_wconf 90' lang='lat' dir='ltr'><strong>primo</strong></span> <span class='ocrx_word' id='word_1_257' title='bbox 706 2677 799 2712; x_wconf 92' lang='lat' dir='ltr'><strong>non</strong></span> <span class='ocrx_word' id='word_1_258' title='bbox 833 2664 1129 2713; x_wconf 88' lang='lat' dir='ltr'><strong>coniunxerit</strong></span> <span class='ocrx_word' id='word_1_259' title='bbox 1168 2669 1251 2714; x_wconf 89' lang='lat' dir='ltr'><strong>aut</strong></span> <span class='ocrx_word' id='word_1_260' title='bbox 1291 2665 1340 2713; x_wconf 90' lang='lat' dir='ltr'><strong>in</strong></span> <span class='ocrx_word' id='word_1_261' title='bbox 1373 2665 1579 2714; x_wconf 90' lang='lat' dir='ltr'><strong>secundo</strong></span> <span class='ocrx_word' id='word_1_262' title='bbox 1612 2666 1712 2714; x_wconf 89' lang='lat' dir='ltr'><strong>loco</strong></span> <span class='ocrx_word' id='word_1_263' title='bbox 1741 2666 1888 2714; x_wconf 87' lang='lat' dir='ltr'><strong>collo-</strong></span> 
     </span>
     <span class='ocr_line' id='line_1_33' title="bbox 120 2744 1887 2806; baseline 0.001 -14"><span class='ocrx_word' id='word_1_264' title='bbox 120 2746 313 2794; x_wconf 86' lang='lat' dir='ltr'><strong>caverit.</strong></span> <span class='ocrx_word' id='word_1_265' title='bbox 393 2746 579 2794; x_wconf 89' lang='lat' dir='ltr'><strong>Etenim</strong></span> <span class='ocrx_word' id='word_1_266' title='bbox 627 2747 850 2806; x_wconf 87' lang='lat' dir='ltr'><strong>apparet,</strong></span> <span class='ocrx_word' id='word_1_267' title='bbox 908 2744 1034 2792; x_wconf 87' lang='lat' dir='ltr'><strong>illius</strong></span> <span class='ocrx_word' id='word_1_268' title='bbox 1086 2746 1370 2793; x_wconf 80' lang='lat' dir='ltr'><strong>sententiam</strong></span> <span class='ocrx_word' id='word_1_269' title='bbox 1419 2746 1571 2806; x_wconf 90' lang='lat' dir='ltr'><strong>magis</strong></span> <span class='ocrx_word' id='word_1_270' title='bbox 1619 2746 1682 2793; x_wconf 90' lang='lat' dir='ltr'><strong>ad</strong></span> <span class='ocrx_word' id='word_1_271' title='bbox 1730 2747 1887 2806; x_wconf 86' lang='lat' dir='ltr'><strong>primi,</strong></span> 
     </span>
     <span class='ocr_line' id='line_1_34' title="bbox 120 2826 1884 2886; baseline 0.001 -13"><span class='ocrx_word' id='word_1_272' title='bbox 120 2838 262 2885; x_wconf 90' lang='lat' dir='ltr'><strong>quam</strong></span> <span class='ocrx_word' id='word_1_273' title='bbox 294 2827 357 2875; x_wconf 91' lang='lat' dir='ltr'><strong>ad</strong></span> <span class='ocrx_word' id='word_1_274' title='bbox 404 2827 625 2886; x_wconf 87' lang='lat' dir='ltr'><strong>secundi,</strong></span> <span class='ocrx_word' id='word_1_275' title='bbox 669 2826 937 2886; x_wconf 86' lang='lat' dir='ltr'><strong>argumenti</strong></span> <span class='ocrx_word' id='word_1_276' title='bbox 984 2827 1337 2875; x_wconf 90' lang='lat' dir='ltr'><strong>similitudinem</strong></span> <span class='ocrx_word' id='word_1_277' title='bbox 1383 2827 1619 2874; x_wconf 85' lang='lat' dir='ltr'><strong>accedere.</strong></span> <span class='ocrx_word' id='word_1_278' title='bbox 1696 2826 1787 2875; x_wconf 87' lang='lat' dir='ltr'><strong>Sed</strong></span> <span class='ocrx_word' id='word_1_279' title='bbox 1835 2828 1884 2876; x_wconf 90' lang='lat' dir='ltr'><strong>in</strong></span> 
     </span>
     <span class='ocr_line' id='line_1_35' title="bbox 118 2903 1882 2968; baseline 0.003 -17"><span class='ocrx_word' id='word_1_280' title='bbox 118 2903 210 2953; x_wconf 91' lang='lat' dir='ltr'><strong>hoc</strong></span> <span class='ocrx_word' id='word_1_281' title='bbox 242 2920 429 2968; x_wconf 91' lang='lat' dir='ltr'><strong>quoque</strong></span> <span class='ocrx_word' id='word_1_282' title='bbox 460 2921 633 2968; x_wconf 84' lang='lat' dir='ltr'><strong>magna</strong></span> <span class='ocrx_word' id='word_1_283' title='bbox 662 2919 743 2955; x_wconf 86' lang='lat' dir='ltr'><strong>ars</strong></span> <span class='ocrx_word' id='word_1_284' title='bbox 776 2905 1022 2955; x_wconf 87' lang='lat' dir='ltr'><strong>Aeschinis</strong></span> <span class='ocrx_word' id='word_1_285' title='bbox 1058 2906 1298 2955; x_wconf 88' lang='lat' dir='ltr'><strong>laudanda</strong></span> <span class='ocrx_word' id='word_1_286' title='bbox 1331 2911 1425 2968; x_wconf 84' lang='lat' dir='ltr'><strong>est,</strong></span> <span class='ocrx_word' id='word_1_287' title='bbox 1466 2906 1591 2968; x_wconf 88' lang='lat' dir='ltr'><strong>quod</strong></span> <span class='ocrx_word' id='word_1_288' title='bbox 1626 2911 1776 2956; x_wconf 89' lang='lat' dir='ltr'><strong>totam</strong></span> <span class='ocrx_word' id='word_1_289' title='bbox 1809 2922 1882 2956; x_wconf 87' lang='lat' dir='ltr'><strong>ar-</strong></span> 
     </span>
    </p>
   </div>
   <div class='ocr_carea' id='block_1_3' title="bbox 228 3080 807 3147">
    <p class='ocr_par' dir='ltr' id='par_1_3' title="bbox 228 3080 807 3147">
     <span class='ocr_line' id='line_1_36' title="bbox 228 3080 807 3147; baseline 0.01 -28"><span class='ocrx_word' id='word_1_290' title='bbox 228 3080 270 3132; x_wconf 90' lang='lat'><strong>1)</strong></span> <span class='ocrx_word' id='word_1_291' title='bbox 300 3080 358 3123; x_wconf 81' lang='lat' dir='ltr'><strong>Cf.</strong></span> <span class='ocrx_word' id='word_1_292' title='bbox 388 3081 622 3147; x_wconf 85' lang='lat' dir='ltr'><strong>Volkmann</strong></span> <span class='ocrx_word' id='word_1_293' title='bbox 650 3095 689 3135; x_wconf 87' lang='lat' dir='ltr'><strong>p.</strong></span> <span class='ocrx_word' id='word_1_294' title='bbox 720 3082 807 3125; x_wconf 79' lang='lat'><strong>274.</strong></span> 
     </span>
    </p>
   </div>
   <div class='ocr_carea' id='block_1_4' title="bbox 0 3471 2063 3494">
    <p class='ocr_par' dir='ltr' id='par_1_4' title="bbox 0 3471 2063 3494">
     <span class='ocr_line' id='line_1_37' title="bbox 0 3471 2063 3494; baseline 0 0"><span class='ocrx_word' id='word_1_295' title='bbox 0 3471 2063 3494; x_wconf 95' lang='lat' dir='ltr'><strong> </strong></span> 
     </span>
    </p>
   </div>
  </div>
 </body>
</html>
