2063 3494
1010 106 1079 161 63

164 259 240 319 hic
272 269 320 317 in
365 280 423 314 ea
463 279 517 313 re
566 269 795 326 sequutus
839 265 928 325 sit,
976 281 1119 315 unam
1163 270 1343 315 rectam
1384 266 1769 330 temporibusque
1814 284 1925 321 con-

160 350 408 411 gruentem
441 345 599 392 luisse.

281 425 418 485 Tum,
450 426 504 472 ut
538 423 702 472 statim
734 423 795 471 ab
827 423 960 472 initio
974 424 1259 473 abalienatis
1283 425 1452 474 animis
1464 425 1844 491 Demosthenem,
1879 430 1920 478 si

161 507 222 556 ad
254 503 504 553 dicendum
537 506 721 562 surgat,
752 502 926 551 iudices
960 504 1209 565 excipiant,
1241 504 1516 553 indecorum
1548 520 1653 555 esse
1686 507 1769 568 ait,
1799 507 1925 556 hunc

159 599 272 634 suas
311 583 476 632 laudes
521 581 762 630 celebrare
801 582 851 644 (S
881 583 1007 644 241).
1082 584 1151 632 Ac
1192 584 1429 646 profecto,
1472 591 1526 634 ut
1565 588 1782 636 omuibus
1823 588 1922 636 fere

159 663 425 714 hominibus
457 665 552 723 est,
596 661 666 710 ita
710 662 911 711 maxime
945 663 1151 724 antiquis
1182 664 1432 713 molestum
1466 669 1515 715 et
1548 666 1767 716 odiosum
1802 671 1921 729 erat,

159 758 210 793 se
240 743 369 804 ipsos
401 742 651 789 laudantes
686 742 863 790 audire·
914 756 1062 802 quare
1106 743 1448 792 Demosthenes
1492 747 1540 792 in
1581 745 1854 795 defensione
1877 749 1918 807 ¹)

153 826 265 883 apte
309 836 361 870 se
404 825 623 881 excusat,
675 822 715 869 si
756 821 817 869 ad
859 835 972 871 suas
1016 824 1114 883 ipse
1157 823 1327 872 laudes
1370 825 1662 874 descendere
1705 832 1917 887 cogatur.

154 904 344 961 Quanta
374 901 553 949 invidia
584 905 744 949 autem
775 902 818 949 ei
850 901 1089 972 hominum
1121 904 1282 963 generi
1331 904 1457 965 apud
1504 905 1724 966 antiquos
1756 905 1917 967 fuerit,

153 996 209 1030 ex
241 996 297 1029 eo
333 994 520 1041 quoque
549 981 704 1040 colligi
736 985 910 1041 potest,
939 983 1065 1042 quod
1097 984 1264 1031 incerti
1295 985 1502 1033 auctoris
1522 990 1682 1033 exstat
1713 986 1917 1047 libelluS,

97 1080 106 1094 s
150 1074 244 1122 quo
276 1065 552 1121 praecepta,
596 1060 831 1120 quomodo
874 1062 976 1121 quis
1014 1059 1117 1110 'sine
1161 1063 1454 1111 audientium
1500 1065 1675 1113 invidia
1718 1078 1770 1113 se
1815 1066 1916 1126 ipse

149 1140 346 1190 laudare
378 1140 551 1201 possit,
584 1140 870 1202 traduntur,
908 1145 958 1189 et
989 1142 1203 1203 exempla
1235 1156 1419 1204 eorum,
1470 1145 1551 1205 qui
1583 1144 1673 1193 hac
1704 1149 1810 1193 arte
1845 1146 1917 1193 in-

151 1222 309 1281 signes
351 1220 553 1279 suerint,
607 1219 885 1268 afferuntur.
969 1220 1228 1282 Inscriptus
1285 1228 1358 1270 est
1408 1225 1553 1284 „mot
1604 1227 1696 1271 τοῦ
1739 1224 1920 1272 ἑαυτὸν

149 1298 510 1361 ἀνεπιφθόνως
556 1300 852 1348 ἐπαινέσσειε(
906 1304 955 1348 et
1005 1302 1055 1349 in
1098 1302 1341 1349 Plutarchi
1390 1304 1673 1363 scriptorum
1716 1318 1915 1353 numero

149 1379 291 1439 vulgo
325 1379 582 1443 reponitur.
645 1379 717 1426 Eo
752 1379 942 1439 aegrius
976 1384 1133 1428 autem
1166 1380 1346 1429 iudices
1377 1382 1509 1429 illum
1544 1396 1594 1430 se
1625 1384 1781 1443 ipsum
1811 1383 1916 1431 lau-

149 1463 343 1510 dantem
376 1462 529 1522 ferre,
573 1475 767 1509 necesse
811 1466 938 1523 erat,
992 1463 1031 1509 si
1070 1463 1129 1510 de
1160 1463 1229 1510 rei
1258 1463 1473 1511 molestia
1506 1467 1619 1510 ante
1648 1463 1915 1511 commoniti

146 1546 195 1591 et
212 1542 395 1590 incitati
413 1544 567 1590 erant.
603 1539 958 1602 Ctesiphontem
981 1555 1094 1590 vero
1117 1542 1331 1603 ineptum
1356 1555 1472 1602 esse,
1499 1545 1664 1590 orator
1692 1542 1913 1602 ostendit,

147 1622 188 1669 si
225 1621 453 1669 facultate
487 1621 672 1668 dicendi
703 1634 754 1668 se
782 1634 943 1668 carere
976 1622 1127 1682 dicat,
1168 1623 1415 1682 quoniam,
1463 1635 1606 1681 quum
1636 1636 1730 1669 non
1760 1622 1910 1669 multo

145 1705 259 1750 ante
302 1701 488 1762 legatus
536 1700 598 1748 ad
648 1700 952 1761 Cleopatram
1007 1701 1340 1750 consolandam
1396 1714 1426 1749 a
1478 1701 1652 1762 populo
1701 1701 1913 1751 delectus

144 1786 294 1840 esset,
327 1795 423 1829 non
456 1782 748 1831 recusaverit
779 1781 826 1842 (ἕ
856 1784 982 1841 242).

266 1861 490 1922 Sequitur
511 1860 640 1909 locus
664 1860 1102 1909 vehementissimus
1124 1859 1548 1921 acerbissimusque
1563 1859 1611 1922 (ἓ
1627 1862 1912 1922 244-245),

142 1941 192 1989 in
222 1954 319 2002 quo
347 1940 602 1989 Aeschines
635 1941 884 2002 proponit,
928 1939 1204 2000 Chabriam,
1259 1940 1541 2001 Iphicratem
1556 1978 1567 2000 ,
1608 1940 1912 1989 Timotheum

142 2022 203 2070 ob
236 2035 314 2070 res
347 2021 469 2069 bello
501 2021 742 2081 praeclare
779 2025 942 2081 gestas
985 2022 1132 2068 tantis
1163 2021 1386 2081 praemiis
1418 2019 1615 2069 affectos
1647 2034 1776 2081 esse,
1815 2021 1910 2069 De-

141 2102 430 2150 mosthenem
463 2104 622 2148 autem
655 2125 714 2132 --
745 2099 900 2160 figura
928 2100 1077 2162 »παρ’
1104 2099 1376 2147 ὑπόνοιαν“
1410 2113 1537 2161 usuS,
1571 2113 1692 2160 quae
1721 2102 1909 2149 omnino

141 2181 342 2228 maxime
397 2180 523 2228 valet
581 2179 642 2227 ad
692 2180 872 2228 animos
927 2180 1288 2228 commovendos
1331 2207 1390 2214 —
1434 2180 1493 2228 ob
1537 2180 1716 2230 nullam
1763 2180 1908 2227 aliam

141 2274 334 2309 causam
368 2273 543 2310 corona
576 2260 790 2308 decorari
820 2273 986 2320 posse,
1038 2260 1129 2308 nisi
1157 2259 1284 2321 quod
1317 2260 1496 2308 venalis
1528 2265 1674 2321 atque
1707 2261 1904 2320 ignavus

139 2342 216 2391 sit.
284 2340 431 2391 Simul
463 2340 649 2401 edocet,
684 2339 859 2389 iudices
890 2353 986 2388 non
1019 2340 1157 2389 modo
1193 2354 1243 2389 se
1272 2340 1403 2401 ipsos
1436 2344 1487 2389 et
1518 2354 1625 2401 eos,
1671 2341 1754 2402 qui
1785 2340 1906 2389 bello

138 2423 275 2470 occisi
306 2422 425 2481 sin-t,
456 2420 837 2480 dedecoraturos,
870 2421 958 2468 sed
990 2421 1146 2480 etiam,
1183 2425 1238 2467 ut
1268 2421 1364 2468 vivi
1395 2420 1579 2467 abiecto
1614 2421 1769 2468 animo
1796 2421 1907 2480 sint,

138 2502 391 2551 effecturos
436 2514 564 2561 esse,
617 2500 1004 2561 quandoquidem
1040 2500 1098 2560 ii,
1142 2501 1416 2548 memoriam
1460 2499 1653 2548 fortium
1697 2501 1903 2548 virorum

138 2587 388 2642 tantopere
421 2581 610 2641 negligi,
643 2581 852 2628 videant.
919 2580 1048 2638 Quae
1080 2581 1315 2627 sententia
1348 2581 1443 2627 iam
1475 2585 1617 2627 antea
1651 2581 1697 2627 in
1731 2579 1785 2640 ἐξ
1813 2584 1902 2627 177

134 2666 187 2711 et
224 2666 312 2709 188
345 2674 570 2722 expressa
604 2665 722 2721 erat,
754 2659 831 2708 hic
863 2664 1023 2708 autem
1055 2659 1195 2720 paulo
1218 2659 1360 2707 latius
1382 2659 1615 2719 explicata
1638 2666 1724 2705 est.
1768 2659 1900 2707 Haec

135 2757 348 2804 quoque,
392 2756 514 2802 quae
558 2745 821 2801 sequuntur
866 2740 913 2802 (ἓ
944 2741 1079 2800 246),
1129 2740 1334 2799 repetita
1377 2745 1490 2786 sunt
1534 2753 1591 2786 ex
1636 2738 1661 2799 ξ
1700 2742 1788 2787 180
1820 2738 1900 2788 fin.

133 2823 342 2883 Exponit
384 2827 574 2882 orator,
636 2821 848 2882 inprimis
890 2820 1271 2868 adolescentibus
1310 2818 1485 2866 malum
1531 2820 1793 2880 exemplum
1840 2821 1901 2868 ad

132 2902 410 2950 imitandum
457 2901 678 2962 proponi,
726 2901 766 2948 si
806 2899 1150 2948 Demosthenes
1193 2912 1412 2946 coronam
1455 2899 1672 2959 accipiat.
1753 2901 1809 2948 In
1843 2902 1901 2949 iis

236 3063 396 3114 1)§4.
