2063 3494
1006 99 1073 150 35

150 260 386 310 sententia
419 256 530 306 mihi
563 256 751 317 quidem
784 270 880 304 non
900 257 1147 317 probatur.
1215 254 1350 314 Nam,
1381 255 1422 302 si
1446 268 1497 302 re
1523 268 1634 303 vera
1655 258 1912 310 Aeschines

149 340 266 399 legis
309 337 620 402 Dionysiacae
662 337 950 383 mentionem
993 336 1042 382 in
1095 335 1266 383 iudicio
1305 334 1441 395 fecit,
1496 348 1601 383 eam
1647 337 1803 396 potius
1851 341 1915 388 ad

151 420 279 467 illam
316 417 561 464 »callidam
591 415 1058 481 interpretationem«
1092 414 1387 473 adhibuisse,
1428 428 1570 473 quam
1599 418 1915 476 exceptionem

150 510 348 559 prorsus
382 496 592 545 omisisse
623 494 865 556 putandus
897 498 984 543 est.
1049 494 1139 543 Illa
1170 494 1371 542 maxime
1402 494 1466 542 ad
1499 508 1598 542 rem
1633 498 1917 555 perturban-

152 578 262 625 dam
296 576 506 637 valebat3
563 574 654 623 hoc
697 578 854 622 autem
901 587 1114 622 summae
1159 573 1502 634 imprudentiae
1546 579 1596 622 et
1638 577 1919 626 temeritatis

152 658 334 705 fuisset.
407 657 482 704 An
515 667 707 715 sperare
743 647 974 715 debebat,
1008 654 1399 714 Demosthenem,
1433 657 1531 701 tam
1564 654 1801 703 inficetam
1832 657 1919 704 im-

151 737 500 797 pudentemque
547 733 758 781 fraudem
806 733 1080 792 planissime
1138 732 1417 792 ostendere,
1474 735 1918 792 praetermissurum

152 816 294 864 esse?
370 814 504 872 Quod
543 817 702 861 autem
745 812 819 861 hic
852 813 1071 869 Aeschini
1119 813 1276 861 obiicit
1297 810 1371 875 ¹),
1417 825 1524 860 eum
1565 817 1727 873 partes
1762 814 1920 876 legum

154 898 440 955 amputasse,
459 893 563 941 -hoc
584 897 800 953 spectare
827 898 989 952 potest
1006 893 1077 966 ad
1093 893 1242 940 verba
1278 890 1341 954 »ἦ
1372 892 1403 954 ἡ
1433 890 1632 955 βουλή«,
1667 894 1708 941 si
1736 896 1922 954 quidem

153 976 201 1022 in
237 975 339 1033 lege
371 973 635 1034 perscripta
667 977 818 1021 erant.
895 973 989 1022 Sed
1022 974 1138 1021 haec
1171 974 1415 1033 omittere,
1459 973 1612 1021 minus
1646 974 1920 1024 interfuisse

153 1054 354 1101 videtur.
422 1053 504 1102 Sin
539 1067 649 1101 vero
680 1052 960 1113 Spengelius
995 1053 1108 1101 dicit
1125 1054 1183 1113 ²),
1218 1056 1373 1101 totum
1408 1052 1465 1100 de
1497 1053 1603 1112 lege
1635 1053 1921 1115 Dionysiaca

152 1134 303 1181 locum
336 1133 383 1194 (ξ
419 1133 623 1192 357-48)
667 1133 727 1180 ab
761 1132 995 1181 Aeschine
1029 1137 1197 1192 postea
1233 1132 1526 1192 adscriptum
1559 1133 1730 1194 videri,
1774 1149 1922 1195 quum

155 1213 478 1261 adversarium
512 1227 743 1261 summam
776 1212 1058 1261 defensionis
1092 1212 1152 1260 ab
1189 1212 1270 1260 illa
1302 1221 1519 1273 repetere
1554 1206 1767 1274 vidisset,
1800 1215 1922 1264 hanc

155 1293 442 1341 sententiam
475 1293 621 1346 multo
654 1294 810 1341 minus
845 1293 1048 1353 probare
1079 1306 1344 1353 possumus.
1409 1292 1478 1341 Ac
1509 1294 1713 1354 primum
1732 1295 1921 1355 quidem

155 1373 298 1421 nimia
340 1373 548 1421 brevitas
595 1374 741 1421 totius
773 1373 924 1434 partis
958 1373 1215 1433 suspiciosa
1258 1375 1345 1421 est.
1412 1372 1556 1433 Nam,
1599 1387 1743 1434 quum
1773 1374 1922 1435 Spen-

157 1454 308 1514 gelius
343 1456 445 1514 ipse
479 1454 664 1514 iudicet,
697 1454 1094 1502 renuntiationem
1117 1453 1164 1500 in
1192 1453 1379 1500 theatro
1405 1456 1574 1500 contra
1599 1453 1728 1514 leges
1761 1454 1924 1516 fuisse,

157 1535 327 1581 mirum
361 1537 448 1593 est,
483 1547 566 1581 cur
595 1534 846 1587 Aeschines
879 1535 938 1581 de
969 1533 1056 1580 hac
1089 1546 1154 1593 re,
1189 1547 1281 1592 qua
1313 1517 1415 1580 eius
1435 1546 1576 1580 causa
1600 1534 1796 1595 valeret,
1829 1550 1924 1583 non

159 1613 349 1661 uberius
375 1619 424 1661 et
441 1613 591 1662 fusius
617 1614 936 1673 disputaverit
957 1627 1154 1674 eamque
1179 1614 1307 1660 varie
1336 1613 1661 1661 illustraverit.
1727 1614 1925 1676 Deinde,

160 1706 304 1753 quum
340 1695 629 1742 accusatoris
662 1696 739 1754 sit,
774 1708 868 1742 non
889 1694 1027 1742 modo
1061 1707 1149 1742 sua
1180 1694 1470 1752 confirmare,
1502 1694 1586 1741 sed
1607 1694 1765 1754 etiam,
1802 1709 1926 1756 quae

160 1773 220 1820 ab
245 1773 520 1820 adversario
553 1763 726 1833 opponi
748 1775 948 1833 possint,
983 1774 1269 1821 coniiciendo
1293 1787 1348 1820 ac
1369 1774 1625 1821 divinando
1656 1776 1928 1834 excogitare

159 1857 232 1912 et,
275 1853 550 1912 priusquam
586 1853 828 1913 dicantur,
863 1852 1098 1912 refutare,
1132 1866 1188 1901 eo
1222 1853 1373 1912 magis
1406 1852 1672 1901 mirandum
1704 1858 1803 1914 est,
1840 1855 1928 1903 hoc

123 1933 260 1980 “loco
294 1933 571 2001 Aeschinem
605 1934 725 1980 hanc
759 1933 1006 1993 rationem,
1038 1932 1101 1980 ad
1136 1932 1445 1980 fundamenta
1477 1932 1762 1982 defensionis
1797 1934 1927 1983 labe-

162 2014 383 2062 factanda
416 2014 617 2061 maxime
651 2008 886 2074 idoneam,
921 2013 1205 2074 neglexisse,
1238 2028 1383 2074 quum
1417 2014 1535 2062 alias
1566 2015 1840 2076 saepissime
1873 2030 1930 2065 ea

159 2098 338 2142 utatur.
403 2094 615 2154 Denique
648 2108 756 2142 eum
785 2107 1042 2154 praenosse
1072 2107 1261 2141 necesse
1296 2098 1423 2154 erat,
1464 2094 1833 2143 Demosthenem
1867 2096 1930 2143 ad

161 2173 497 2234 Dionysiacam
540 2174 691 2233 legem
732 2174 1083 2235 confugituruin
1130 2188 1247 2222 esse.
1324 2174 1512 2222 Etenim
1547 2180 1757 2237 constat,
1803 2178 1931 2238 apud

160 2254 472 2300 Athenienses
507 2254 831 2314 litigantibuS,
875 2254 1152 2314 priusquam
1188 2255 1415 2300 iudicium
1447 2255 1605 2315 fieret,
1651 2261 1932 2316 quaestione

163 2335 410 2395 instituta,
456 2335 582 2394 leges
622 2340 672 2383 et
704 2335 893 2383 tabulas
915 2335 1045 2383 varii
1074 2336 1286 2395 generiS,
1335 2336 1504 2395 quibus
1552 2341 1638 2384 aut
1670 2337 1732 2384 ad
1763 2338 1933 2385 confir-

160 2414 381 2463 mandam
415 2418 499 2463 aut
531 2415 594 2463 ad
625 2413 926 2464 refutandam
958 2415 1306 2463 accusationem
1339 2416 1471 2464 usuri
1503 2420 1685 2476 essent,
1720 2416 1785 2465 ad
1824 2431 1931 2465 eum

162 2496 519 2557 magistratum,
571 2497 650 2556 qui
673 2538 675 2540 .
698 2496 919 2544 iudicium
967 2494 1329 2556 moderabatur,
1380 2495 1656 2544 deferendas
1705 2496 1850 2544 fuisse
1872 2498 1931 2559 ³).

163 2575 355 2623 Minime
396 2582 560 2624 autem
616 2578 767 2625 statui
811 2582 996 2637 potest,
1043 2577 1324 2625 Aeschinem
1367 2577 1540 2637 prioris
1594 2577 1735 2637 legiS,
1785 2591 1929 2637 quum

163 2669 353 2703 causam
387 2661 566 2717 oraret,
599 2657 774 2706 nullam
807 2658 1093 2705 mentionem
1126 2657 1306 2705 fecisse.
1374 2657 1504 2715 Quae
1535 2657 1576 2705 si
1611 2658 1798 2705 omnino
1834 2672 1931 2706 non

161 2736 347 2795 fuisset,
382 2738 497 2783 nihil
532 2739 899 2798 relinqueretur,
932 2738 1024 2785 nisi
1058 2742 1112 2785 ut
1144 2738 1383 2785 theatrum
1416 2737 1655 2784 sollemnis
1689 2742 1739 2784 et
1769 2741 1930 2785 status

162 2809 294 2865 locus
337 2817 552 2866 omnibus
600 2819 785 2868 coronis
828 2817 1158 2867 renuntiandis
1209 2817 1390 2867 fuisset.
1468 2817 1571 2865 Hoc
1609 2830 1720 2865 vero
1759 2817 1935 2867 Demo-

271 3005 311 3055 1)
349 3005 383 3055 S.
427 3008 512 3045 121.
604 3007 647 3056 2)
685 3018 725 3056 p.
765 3004 827 3045 61.
919 3007 963 3056 23)
1002 3006 1052 3046 cf.
1091 3005 1362 3047 Schoemanni
1402 3004 1667 3057 antiquitates
1706 3005 1783 3045 iur.
1821 3006 1934 3056 publ.

166 3067 311 3110 Graec.
339 3082 378 3119 p.
407 3070 493 3110 279.

1610 3161 1674 3206 3*
