2063 3494
985 131 1053 183 10

121 289 386 338 accederet.
464 290 568 347 Qua
614 290 663 337 in
708 304 760 339 re
804 304 981 352 magna
1022 293 1122 340 eius
1166 292 1424 352 prudentia
1467 293 1698 355 cernitur,
1757 307 1898 356 quum

119 371 308 431 patriae
338 371 714 419 amantissimum
747 385 799 420 se
831 373 1057 421 ostendat
1090 376 1166 432 et,
1212 386 1272 420 ne
1309 373 1421 433 quid
1454 373 1720 436 respublica
1753 373 1901 423 detri-

120 453 335 498 mentum
367 450 572 511 iaceret,
611 454 809 498 senatus
854 451 1046 500 decreto
1088 466 1139 500 se
1184 452 1534 515 intercessisse,
1571 469 1669 502 non
1708 454 1899 503 disertis

119 532 312 591 quidem
347 536 395 578 et
429 525 583 591 planis
607 532 763 579 verbis
795 533 935 591 dicat,
971 537 1183 580 attamen
1217 548 1311 580 non
1343 534 1414 580 ita
1449 537 1579 581 tect-a
1614 540 1663 582 et
1699 536 1900 583 obscura.

119 610 340 658 oratione
373 611 624 671 exprimat.
690 611 818 660 Satis
852 611 980 660 clare
1025 612 1235 661 studium
1269 626 1403 661 suum
1436 612 1682 673 popularis
1714 613 1899 673 imperii

118 689 377 750 significat,
412 691 545 738 cuius
578 691 821 739 interitum
854 691 980 739 ferre
1013 705 1109 739 non
1145 694 1309 753 possit,
1350 693 1400 740 in
1435 706 1577 754 quam
1610 694 1898 741 sententiam

116 770 269 818 multa
303 770 430 818 dicta
465 770 595 830 apud
636 784 799 819 omnes
841 770 941 818 fere
992 776 1208 819 oratores
1255 773 1441 821 Atticos
1486 773 1699 832 legimus
1777 772 1899 830 Quid

117 849 245 898 enim
297 850 449 910 magis
496 850 873 899 benevolentiam
927 850 1172 900 hominum
1223 852 1438 900 libertati
1488 856 1588 901 tam
1630 853 1897 901 deditorum

118 930 368 978 conciliare
411 934 604 991 poterat
649 932 856 992 oratori,
923 945 1064 992 quam
1118 932 1158 979 si
1211 931 1336 980 idem
1390 932 1566 981 sentire
1608 932 1897 981 videbatur?

116 1009 420 1063 Praeclarius
452 1025 565 1059 vero
599 1012 675 1059 hic
696 1004 969 1072 Aeschines,
1003 1012 1145 1072 quod,
1179 1012 1291 1072 quid
1316 1012 1373 1060 de
1405 1013 1647 1073 republica
1682 1013 1896 1071 sentiret,

118 1104 215 1138 non
248 1091 573 1151 vulgaricum
604 1092 926 1140 ostentatione
959 1092 1250 1153 enuntiavit,
1290 1092 1374 1140 sed
1408 1093 1498 1141 toti
1531 1092 1718 1142 dicendi
1750 1091 1899 1141 colori
1969 1133 1973 1135 ,

116 1172 188 1219 ita
220 1172 449 1231 intexuit,
485 1177 539 1219 ut
574 1186 662 1219 sua
694 1177 863 1232 sponte
896 1186 954 1219 ex
986 1172 1075 1220 hoc
1110 1173 1331 1220 eluceret.

243 1251 399 1309 Quum
423 1264 568 1312 porro
592 1252 655 1300 ad
679 1251 1053 1299 benevolentiam
1079 1251 1284 1300 iudicum
1309 1251 1675 1312 comparandam
1693 1251 1897 1301 multum

115 1331 296 1391 valeat,
330 1332 372 1379 si
406 1335 569 1379 orator
602 1346 684 1380 eos
716 1332 885 1379 laudat
917 1333 1070 1391 iisque
1101 1332 1362 1391 blanditur,
1397 1332 1652 1380 dummodo
1677 1337 1815 1380 caute
1845 1337 1896 1380 et

113 1411 360 1460 moderate
408 1411 578 1472 faciat,
622 1412 739 1460 nihil
782 1411 1062 1472 AeschineS,
1106 1412 1236 1472 quod
1280 1411 1344 1460 ad
1388 1411 1478 1460 hoc
1520 1416 1727 1474 spectet,
1770 1413 1897 1472 dicit,

115 1492 223 1550 nisi,
256 1505 307 1539 se
339 1492 545 1539 iudicum
578 1492 764 1539 iustitia
795 1506 900 1539 esse
932 1491 1121 1539 fretum.
1188 1492 1368 1549 Quibus
1398 1492 1556 1540 verbis
1589 1493 1815 1552 optimam
1846 1507 1897 1541 se

114 1571 173 1618 de
204 1572 263 1619 iis
299 1560 565 1631 opinionem
598 1571 777 1619 habere
811 1571 1060 1631 significat.
1128 1571 1276 1619 Simul
1305 1575 1467 1618 autem
1498 1572 1763 1620 moderatio
1793 1573 1895 1620 eius

115 1651 359 1700 laudanda
392 1655 486 1712 est,
519 1652 647 1712 quod
681 1665 776 1699 non
811 1652 1003 1699 nimiam
1038 1650 1259 1699 fiduciam
1293 1665 1408 1711 prae
1438 1665 1488 1700 se
1518 1651 1633 1711 fert,
1668 1666 1695 1700 e
1728 1666 1817 1701 sua
1844 1667 1897 1701 re

121 1733 301 1780 iudices
345 1732 714 1792 diiudicaturos,
770 1732 851 1780 sed
896 1736 1083 1779 tantum
1130 1731 1330 1790 intelligi
1373 1732 1501 1793 vult,
1556 1745 1607 1779 se
1649 1732 1896 1794 confidere,

114 1812 251 1873 illos,
296 1813 422 1873 quod
467 1814 560 1873 ipsi
603 1827 661 1861 ex
703 1812 889 1873 legibus
929 1825 1033 1860 esse
1074 1812 1407 1871 cognoverint,
1449 1812 1737 1861 iudicaturos
1775 1827 1894 1862 esse.

114 1893 240 1940 Nam
275 1893 418 1940 iudex
450 1893 644 1941 nimiam
678 1893 886 1941 oratoris
932 1893 989 1940 de
1029 1906 1199 1940 causae
1243 1896 1415 1940 eventu
1458 1894 1762 1941 securitatem
1796 1893 1897 1942 odit

113 1988 349 2034 suumque
376 1975 452 2022 ius
485 1974 631 2022 libere
665 1973 958 2022 diiudicandi
985 1973 1088 2021 vult
1121 1973 1288 2033 respici
1325 1978 1374 2021 et
1403 1974 1660 2022 observari.
1727 1975 1894 2035 Neque

114 2068 227 2102 vero
273 2055 428 2101 minor
470 2055 717 2102 Aeschinis
756 2054 992 2101 modestia
1036 2068 1091 2101 eo
1148 2054 1378 2113 cernitur,
1433 2055 1561 2113 quod
1610 2068 1706 2101 non
1750 2055 1895 2104 audet

112 2134 413 2196 praedicare,
458 2139 585 2182 certo
626 2148 677 2183 se
709 2120 1035 2182 convicturum
1071 2147 1175 2181 esse
1209 2132 1585 2195 Ctesiphontem,
1630 2135 1716 2182 sed
1751 2136 1894 2183 etiam

109 2216 380 2264 nonnullam
416 2215 760 2263 dubitationem
795 2215 853 2262 de
888 2228 944 2262 ea
975 2228 1028 2261 re
1060 2212 1328 2273 significare
1361 2214 1577 2274 videtur,
1609 2229 1751 2275 quum
1777 2216 1893 2264 dicit

112 2294 138 2355 ξ
173 2299 226 2344 8:
261 2297 388 2356 ,βάν
409 2296 737 2356 ἐξελέγξωμεν
760 2296 1125 2358 Κτησιφῶντα“
1157 2297 1246 2341 etc.
1313 2296 1385 2343 Ex
1407 2296 1480 2344 his
1505 2296 1736 2358 omnibUS,
1769 2310 1892 2356 quae

109 2379 265 2427 adhuc
297 2378 725 2437 consideravimus,
770 2379 946 2438 optimo
991 2378 1096 2425 iure
1129 2378 1256 2425 dicta
1292 2391 1397 2425 esse
1429 2390 1620 2425 censere
1654 2377 1893 2438 debemuS,

109 2474 231 2521 quae
259 2460 362 2507 init.
397 2459 423 2520 ἓ
458 2463 485 2507 9
531 2460 777 2520 leguntur:
846 2458 1005 2521 „118913
1052 2462 1145 2521 μὲν
1190 2451 1280 2505 οὖν
1313 2460 1412 2520 μτῆς
1451 2455 1563 2518 ὅλης
1606 2461 1895 2520 κατηγορίας

108 2544 318 2603 μετρίως
349 2558 433 2601 μοι
463 2541 645 2598 ἐλπίζω
678 2542 1064 2603 προειρῆσθαιίί.

234 2621 376 2670 Haud
411 2622 617 2669 alienum
651 2624 812 2669 autem
845 2621 905 2668 ab
927 2620 1016 2669 hoc
1043 2620 1145 2668 loco
1169 2632 1273 2667 esse
1295 2621 1431 2678 putO,
1466 2631 1572 2666 cum
1591 2616 1679 2666 hoc
1701 2618 1893 2666 exordio

108 2716 386 2764 comparare
430 2702 689 2761 rationem,
743 2715 837 2761 qua
896 2700 1239 2748 Demosthenes
1294 2699 1344 2746 in
1397 2698 1610 2746 oratione
1664 2698 1721 2746 de
1769 2692 1894 2747 falsa

109 2784 352 2843 legatione
376 2782 622 2843 praefatus
658 2782 736 2842 sit,
770 2782 1004 2841 quoniam,
1036 2781 1162 2828 inter
1184 2780 1304 2827 duas
1335 2793 1503 2826 causas
1537 2779 1892 2827 similitudinem

107 2863 349 2923 quandam
376 2862 689 2922 intercedere,
719 2865 931 2921 apparet.
967 2861 1019 2909 In
1047 2860 1130 2908 illa
1152 2872 1297 2908 causa
1320 2862 1513 2907 accusat
1534 2857 1892 2919 DemostheneS,

108 2943 366 2991 Aeschines
400 2957 451 2991 se
486 2942 714 2990 defendit.
789 2942 1087 2989 Prooemium
1120 2939 1451 2988 Demosthenis
1493 2939 1553 2985 ab
1590 2938 1760 2985 eadem
1793 2937 1892 2986 fere

108 3024 374 3084 sentent-ia,
419 3037 561 3084 quam
604 3024 651 3070 in
686 3023 776 3070 hac
808 3022 1054 3070 Aeschinis
1099 3022 1314 3069 oratione
1360 3020 1585 3079 legimUS,
1634 3018 1889 3067 exorditur.

107 3102 421 3151 Adversarios
455 3103 535 3150 ille
572 3103 691 3150 dicit
723 3103 976 3150 maximam
1025 3116 1214 3163 operam
1261 3101 1402 3157 dare,
1447 3101 1503 3145 ut
1544 3099 1890 3146 accusationem
