2063 3494
999 153 1070 204 30

150 311 292 362 rebus
335 312 399 361 ad
437 312 567 373 leges
608 313 982 373 pertinentibuS,
1032 326 1157 375 quae
1201 317 1313 362 ante
1355 315 1562 364 omnium
1604 314 1765 365 oculos
1807 326 1919 376 pro-

148 395 334 454 positae
368 397 519 441 erant.

273 474 489 522 Alterum
522 474 710 533 signum
743 473 936 521 maioris
971 473 1084 522 fidei
1115 473 1360 522 Aeschinis
1396 478 1493 534 est,
1536 475 1688 536 quod,
1729 480 1787 524 ut
1833 488 1921 535 per

146 555 466 614 superiorem,
530 554 598 601 ita
646 567 733 614 per
780 553 904 602 hanc
956 558 1106 603 totam
1153 555 1609 615 argumentationem
1669 556 1919 604 summissa

148 634 352 697 quadam
384 642 433 683 et
464 633 558 683 leni
587 634 807 683 oratione
842 634 1008 696 utitur,
1040 641 1095 683 ut
1127 635 1245 683 nihil
1278 635 1427 697 aliud,
1458 636 1548 684 nisi
1581 635 1770 696 docere,
1801 636 1919 685 velle

147 715 379 762 videatur.
446 715 604 775 Atque
638 715 739 776 ipse
773 714 1050 763 Schaeferus
1071 715 1118 777 ¹)
1151 716 1421 777 praedicat,
1462 716 1511 763 in
1551 719 1656 763 tota
1689 716 1919 764 orationis

147 801 302 856 parte,
338 809 458 855 quae
490 796 540 842 in
572 797 896 843 controversia
926 797 1041 843 iuris
1074 801 1317 856 versetur,
1356 796 1416 843 ad
1447 810 1605 844 rerum
1640 796 1920 855 dignitatem

149 880 261 938 apte
304 876 366 924 ab
412 875 647 925 Aeschine
691 876 988 938 disputatum
1042 890 1159 925 esse.
1241 876 1332 926 Hic
1384 891 1477 926 non
1530 877 1578 925 in
1619 876 1921 925 adversarios

150 957 453 1005 vehementer
471 957 722 1014 invehitur,
754 957 830 1005 hic
853 957 968 1004 nihil
995 958 1208 1005 acerbius
1231 962 1318 1005 aut
1340 958 1720 1006 contumeliosius
1743 957 1920 1005 dictum

151 1038 365 1097 legimuS,
390 1051 482 1097 quo
504 1037 766 1084 vanitatem
788 1038 1214 1096 argumentationis
1233 1042 1398 1097 tegere
1418 1038 1625 1085 studeat.
1690 1038 1921 1085 Tantum-

149 1118 289 1165 modo
325 1117 385 1164 ad
419 1117 598 1165 iudices
628 1118 774 1164 verba
811 1116 1011 1177 faciens,
1051 1122 1271 1166 accurate
1315 1123 1364 1165 et
1408 1117 1593 1178 singula
1636 1130 1921 1178 persequens

150 1199 358 1258 exponit,
388 1212 486 1257 cur,
517 1198 639 1257 quod
662 1197 922 1258 Ctesiphon
950 1199 1008 1246 de
1030 1199 1168 1246 modo
1192 1198 1446 1246 coronandi
1472 1199 1725 1258 rogaverit,
1755 1196 1922 1247 contra

149 1279 302 1339 legem
337 1292 440 1326 esse
475 1282 724 1338 appareat.
789 1278 912 1336 Quid
953 1282 1112 1327 autem
1146 1277 1523 1327 Demosthenes?
1587 1277 1734 1336 Quem
1765 1291 1921 1329 nonne

151 1358 404 1418 oportebat
435 1358 552 1404 eniti
585 1362 733 1418 atque
767 1358 1074 1418 contendere,
1118 1362 1172 1405 ut
1206 1372 1283 1418 ea,
1324 1359 1371 1405 in
1407 1359 1576 1419 quibus
1610 1357 1816 1405 maxima
1847 1355 1919 1402 vis

148 1439 582 1500 argumentationis
616 1439 881 1487 adversarii
911 1440 1068 1500 posita
1099 1444 1226 1488 esset
1258 1467 1320 1474 —
1354 1444 1459 1489 erat
1491 1443 1651 1488 autem
1682 1438 1839 1500 posita
1864 1437 1919 1486 ‘in

150 1520 309 1568 verbis
341 1519 513 1580 prioris
545 1519 665 1580 legis
698 1545 758 1552 —
788 1519 1054 1568 refelleret?
1125 1519 1286 1569 Nihilo
1319 1520 1472 1568 minus
1504 1520 1698 1580 opponit
1732 1518 1920 1580 quidem

150 1601 424 1648 adversario
458 1600 575 1658 legis
609 1601 919 1660 Dionysiacae
951 1602 1117 1660 verba,
1151 1602 1252 1660 sed,
1297 1615 1481 1648 summa
1509 1600 1635 1648 illius
1668 1613 1922 1659 argumen-

155 1681 358 1728 tationis
392 1694 589 1741 prorsus
623 1681 861 1741 neglecta,
905 1681 1097 1729 adhibet
1128 1682 1362 1730 latebram
1394 1681 1697 1730 obscuritatis
1732 1685 1782 1728 et
1815 1680 1921 1727 bre-

152 1762 343 1821 vitatiS,
389 1775 531 1821 quum
567 1761 779 1808 rationes
824 1760 1011 1820 afferat,
1059 1775 1178 1822 quae
1222 1761 1412 1809 levioris
1446 1761 1669 1809 momenti
1700 1761 1797 1809 sint
1834 1763 1920 1807 aut

152 1843 343 1905 minime
375 1842 438 1888 ad
473 1846 616 1901 caput
648 1842 715 1889 rei
744 1842 1039 1902 pertineant,
1087 1846 1137 1889 et
1178 1843 1367 1889 omnino
1412 1846 1562 1889 totum
1604 1841 1730 1888 hunc
1768 1841 1920 1888 locum

151 1936 380 1985 perquam
417 1922 627 1970 breviter
657 1923 969 1982 perstringat.
1047 1922 1303 1970 Praeterea
1344 1921 1667 1970 adversarium
1700 1921 1921 1969 irrisione

154 2012 204 2052 et
245 2003 543 2052 cavillatione
584 2003 849 2050 insectatur
887 2007 936 2050 et
977 2002 1040 2050 ad
1083 2007 1347 2050 extremum
1389 2003 1453 2051 ad
1500 2004 1678 2064 probra
1718 2017 1775 2050 ac
1816 2016 1924 2051 con-

153 2084 274 2133 vicia
313 2083 503 2131 transit.
581 2083 753 2143 Itaque
802 2087 931 2130 recte
976 2082 1208 2131 iudicasse
1249 2083 1385 2131 nobis
1431 2083 1621 2130 videtur
1662 2082 1740 2130 ille
1782 2086 1921 2129 vetus

151 2168 405 2212 enarrator
438 2162 645 2210 Theonis
677 2167 1163 2223 progymnasmatum‚
1199 2163 1333 2211 cuius
1378 2163 1523 2210 verba
1567 2176 1715 2223 supra
1759 2162 1922 2210 attuli-

152 2258 258 2292 mus
275 2242 342 2305 2),
415 2243 580 2303 Neque
619 2256 730 2291 vero
779 2242 903 2291 iuste
945 2231 1134 2291 defendi
1168 2243 1535 2291 Demosthenem
1579 2242 1920 2303 existimamus,

153 2325 195 2372 si
213 2324 319 2383 quis
343 2327 548 2383 censeat,
572 2327 857 2382 argumenta
875 2323 1124 2371 manifesto
1146 2322 1268 2370 falsa
1290 2322 1530 2370 refutandi
1544 2322 1667 2370 hanc
1686 2323 1918 2370 rationem

152 2405 352 2452 maxime
383 2402 677 2463 probandam
711 2416 828 2451 esse.
894 2402 1013 2462 Sed,
1057 2416 1203 2463 quum
1236 2402 1495 2451 Aeschines
1530 2402 1591 2451 de
1620 2403 1780 2463 priore
1812 2401 1941 2461 lege.

151 2489 251 2533 tam
297 2484 451 2531 multa
488 2483 632 2531 verba
674 2482 890 2543 fecisset,
939 2496 1081 2543 quum
1127 2484 1177 2530 in
1219 2483 1308 2531 hac
1349 2487 1447 2530 tam
1489 2481 1691 2530 firmiter
1733 2481 1920 2529 innixus

151 2565 409 2623 haesisset,
458 2578 602 2623 quum
650 2577 753 2611 eam
803 2564 1080 2622 planissima
1133 2563 1348 2611 oratione
1396 2563 1732 2622 illustrasset,
1775 2576 1919 2622 quum

150 2644 364 2693 eiusdem
405 2644 619 2691 terminis
654 2642 965 2703 Dionysiacae
997 2643 1115 2704 legis
1158 2643 1252 2690 vim
1296 2641 1616 2691 circumscribi
1654 2642 1920 2703 probasset,

151 2740 264 2774 num
298 2738 387 2785 par
418 2728 544 2783 erat,
577 2723 941 2770 Demosthenem
976 2723 1024 2770 id
1065 2724 1185 2770 adeo
1232 2737 1327 2771 non
1360 2736 1546 2783 curare,
1591 2728 1646 2770 ut
1679 2737 1737 2771 ne
1775 2724 1919 2771 ullam

151 2806 347 2867 quidem
381 2809 599 2865 apertam
634 2803 762 2851 illius
794 2804 911 2864 legis
937 2803 1222 2852 mentionem
1255 2803 1468 2852 faceret?
1530 2805 1604 2851 An
1637 2803 1922 2851 dormitasse

151 2887 226 2935 hic
267 2900 374 2934 eum
417 2897 694 2933 censeamus
708 2885 730 2931 ‘?
810 2884 913 2932 Hoc
962 2884 1083 2932 enim
1139 2885 1280 2932 etiam
1328 2884 1633 2932 Demostheni
1682 2881 1919 2931 interdum

151 2967 390 3026 accidere,
437 2965 651 3014 Ciceroni
697 2965 847 3013 visum
895 2979 1024 3025 esse,
1077 2964 1421 3024 Quinctilianus
1439 2964 1488 3027 3)
1536 2964 1696 3012 refert.
1771 2961 1922 3011 Nobis

260 3152 300 3199 1)
331 3150 407 3198 111,
436 3152 525 3190 229.
608 3152 650 3199 2)
678 3162 771 3202 pag.
800 3153 863 3190 27.
945 3150 990 3200 3)
1019 3149 1067 3202 X,
1101 3153 1133 3199 1,
1162 3152 1224 3189 24.
