2063 3494
978 131 1050 187 72

121 290 224 341 loco
272 290 545 341 firmissima
600 291 932 357 adhibeantur,
1025 294 1078 344 Si
1127 294 1252 343 enim
1310 293 1514 356 primum
1559 301 1893 358 argumentum

120 366 315 420 levioris
355 374 584 420 momenti
633 377 709 421 est
751 387 904 434 neque
957 374 1017 421 ad
1062 374 1462 435 persuadendum·
1490 378 1610 426 satis
1657 377 1895 439 idoneum,

120 456 284 501 orator
324 452 570 501 audientes
616 452 752 501 facile
800 453 979 502 alienos
1026 454 1118 503 sibi
1164 454 1348 516 reddit,
1404 469 1557 517 quum*
1602 470 1767 506 eorum
1788 491 1791 496 -
1812 471 1894 506 ex-

123 532 408 594 spectationi
435 545 530 580 non
579 532 639 581 ab
683 533 820 582 initio
856 522 1132 582 satisfaciat.
1204 533 1392 596 Itaque>
1418 536 1562 584 etiam
1594 534 1747 586 totam
1781 551 1895 599 rem,

117 627 261 674 quam
284 617 489 674 tractat,
522 618 790 674 suspectam
822 614 992 663 reddit.
1059 615 1109 664 Si
1141 619 1301 663 autem
1323 607 1538 665 ultimum
1556 630 1729 678 parum
1751 619 1893 679 valet,

117 693 186 741 illi
218 699 312 741 non
344 694 463 741 moti
496 693 812 742 dimittuntur.
891 694 1064 752 Quare·
1094 693 1182 742 hoc
1225 695 1390 743 ordine
1433 702 1722 756 argumenta
1750 697 1893 747 collo*

117 774 273 822 canda
305 779 440 833 sunt,
487 778 543 821 ut
574 773 783 822 firmiora
819 774 1223 823 confirmationem
1255 767 1318 823 =et
1357 776 1588 836 incipiant
1618 781 1668 824 et
1702 777 1893 825 con'clur

120 853 251 914 (lant,
284 854 332 902 in
365 853 571 902 mediam
603 866 722 903 'vero
740 854 915 903 leviora
933 868 990 903 ac
1010 854 1267 903 mediocria
1290 855 1671 918 coniiciantur¹).
1737 856 1892 916 Qum

114 933 265 994 legem
297 935 455 995 prima
485 934 638 995 specie
659 935 915 983 Aeschines
938 935 1198 995 neglexisse
1234 936 1432 996 videtur,
1464 949 1609 997 quum
1642 950 1701 984 ex
1738 936 1889 996 tribus

113 1015 436 1075 argumentiS,
479 1015 527 1062 in
570 1016 740 1075 quibus
788 1020 891 1063 tota
934 1015 1231 1063 confirmatio
1273 1016 1434 1076 posita
1464 1019 1564 1077 est,
1610 1015 1709 1065 duo
1751 1016 1890 1073 firma

113 1095 318 1155 primum
351 1100 400 1142 et
432 1095 638 1143 medium
672 1095 825 1142 locum
866 1095 1136 1155 obtineant,
1183 1095 1255 1156 id,
1303 1096 1351 1143 in
1393 1108 1489 1155 quo
1533 1096 1779 1150 minimum
1813 1099 1890 1146 aet

115 1174 426 1234 firmamenti,
458 1188 560 1222 eam
593 1179 777 1235 partem
810 1174 1082 1223 concludat.
1163 1174 1397 1233 Quocirca
1416 1175 1692 1235 sapientius
1720 1175 1889 1242 fecisse

114 1255 268 1316 possit
300 1255 463 1315 videri,
496 1255 550 1315 si,
596 1268 716 1315 quae
750 1254 810 1301 de
842 1253 1160 1302 renuntiando
1191 1253 1371 1302 honore
1402 1248 1887 1317 vargumentatusest,

112 1336 161 1383 in
196 1340 405 1383 extremo
436 1334 565 1396 loco,
610 1334 691 1382 illa
718 1347 853 1395 ver0,
899 1347 1021 1395 quae
1063 1334 1113 1382 in
1151 1335 1518 1396 perstringenda
1552 1335 1885 1385 Demosthenis
1937 1349 1941 1352 ’

112 1429 318 1477 persona
354 1404 623 1475 versantur,
654 1415 703 1462 in
736 1413 891 1462 medio
920 1414 1212 1462 collocasset.
1278 1416 1343 1463 At
1376 1416 1468 1463 duo
1502 1415 1593 1463 loci
1626 1416 1674 1463 in
1698 1420 1885 1471 contro—

110 1496 270 1544 versia
298 1496 414 1543 iuris
445 1496 587 1556 positi
609 1496 678 1542 ita
696 1495 824 1542 inter
842 1508 893 1542 se
912 1494 1184 1555 cohaerent,
1216 1499 1270 1543 ut
1288 1509 1368 1544 eos
1407 1495 1632 1544 divellere
1664 1496 1881 1556 ineptum

109 1575 264 1624 fuerit.
329 1576 406 1624 Ita
437 1575 721 1623 necessitate
754 1573 961 1634 quadam
977 1575 1234 1622 Aeschins
1269 1575 1541 1636 cogebatur,
1576 1580 1630 1623 ut
1652 1575 1880 1636 reliquam

110 1660 497 1716 argumentorum
532 1658 738 1715 partem,
778 1667 1066 1715 quamquam
1101 1654 1492 1716 infirmissimam,
1529 1655 1627 1703 aut'
1649 1655 1697 1703 in
1727 1656 1883 1716 prima

111 1741 196 1784 aut
218 1737 265 1783 in
286 1741 500 1783 extrema
521 1734 877 1782 confirmatione
904 1734 1169 1782 collocaret.
1234 1734 1345 1795 Sed,
1380 1739 1606 1795 quantam
1626 1735 1879 1782 maximam

108 1818 295 1877 potuit,
336 1829 527 1875 operam
564 1816 722 1875 dedit,
768 1818 823 1861 ut
864 1815 964 1862 eius
1003 1815 1075 1862 rei
1109 1815 1541 1862 incommoditatem
1577 1815 1768 1862 tolleret
1798 1821 1883 1863 aut

109 1901 238 1945 certe
271 1896 494 1944 elevaret.
566 1895 671 1943 Non
706 1895 846 1943 niodo
889 1894 1231 1955 perturbandis
1264 1895 1432 1942 animis
1477 1881 1603 1943 illius
1637 1894 1882 1943 levitatem

109 1982 271 2038 tegere
308 1977 516 2037 studuit,
560 1976 645 2025 sed
680 1977 823 2024 etiam
856 1976 914 2024 ob
948 1976 1068 2024 hanc
1100 1975 1251 2036 ipsam
1286 1989 1475 2024 causam
1511 1974 1748 2037 epilogum
1779 1978 1879 2024 tam

106 2059 339 2119 grandem
370 2058 597 2119 reddidit,
632 2057 851 2105 videlicet
883 2060 939 2103 ut
969 2056 1149 2103 iudices
1180 2059 1279 2104 eius
1307 2056 1606 2116 longitudine
1638 2061 1689 2104 et
1719 2069 1877 2104 rerum

105 2139 339 2188 varietate
373 2139 499 2200 capti
533 2152 592 2187 ne
621 2141 819 2200 possent
852 2136 998 2185 libere
1030 2137 1266 2197 respirare
1304 2141 1451 2199 atque
1483 2141 1874 2198 argumentorum

104 2220 428 2269 infirmitatem
459 2234 518 2268 ex
548 2219 777 2267 memoria
812 2218 1118 2278 deponerent.

840 2425 1005 2489 Caput
1033 2424 1151 2476 XII.

748 2523 1159 2577 conclusi
1174 2537 1240 2576 o.

231 2642 299 2692 Ut
334 2642 554 2702 denique,
590 2640 703 2701 quid
736 2639 795 2687 de
817 2640 945 2687 omni
966 2639 1182 2687 oratione
1207 2638 1484 2699 existimem,
1522 2636 1729 2686 breviter
1752 2649 1875 2686 com·

103 2726 299 2788 plectar,
330 2723 420 2772 hoc
454 2723 556 2771 sine
590 2722 687 2771 ulla
723 2721 1022 2769 dubitatione
1056 2704 1454 2779 confirmaverim,
1505 2718 1873 2780 quantum-quis

103 2807 292 2868 ingenio
353 2809 503 2864 atque
554 2807 658 2851 arte
719 2805 909 2863 posset,
975 2805 1159 2847 tantum
1206 2800 1484 2847 Aeschinem
1535 2803 1876 2860 consequutum

101 2902 219 2937 esse.
284 2886 422 2934 Adde
457 2898 598 2947 porro
635 2884 737 2931 eius
771 2896 933 2931 vocem
968 2895 1185 2942 magnam
1211 2886 1260 2928 et
1290 2880 1468 2929 claram
1499 2883 1642 2942 atque
1673 2879 1871 2927 audien·

102 2971 222 3018 tium
262 2981 404 3016 aures
450 2967 519 3014 ita
572 2965 969 3026 permulcentem,
1023 2967 1077 3011 ut
1119 2961 1463 3010 Demosthenes
1509 2974 1613 3021 cum
1655 2959 1869 3008 Sirenum

207 3138 249 3186 1)
278 3135 327 3176 cf.
359 3134 441 3175 Cic.
468 3146 524 3174 or.
561 3133 620 3182 15,
650 3133 721 3183 503
753 3131 804 3172 de
835 3143 891 3172 or.
921 3130 974 3182 11,
1004 3130 1075 3179 773
1107 3128 1296 3171 Cornific.
1326 3126 1400 3180 111,
1433 3130 1492 3178 ιο,
1526 3107 1585 3167 ιε’.
