2063 3494
1005 119 1074 170 58

156 278 219 326 ad
247 290 348 327 rem
374 281 423 327 et
447 290 638 326 causam
662 278 815 339 ipsam
839 292 933 326 non
957 278 1215 339 pertineat.
1280 277 1499 326 Ceterum
1532 278 1648 326 haec
1684 280 1927 325 oratorum

152 359 277 406 ratio
311 372 416 405 cum
440 357 729 406 adversariis
758 358 1090 417 contendendi,
1125 371 1154 405 a
1177 361 1344 405 nostra
1365 358 1707 406 consuetudine
1729 369 1927 419 prorsus

154 437 367 497 diversa,
421 437 471 485 in
516 437 642 485 omni
696 442 872 486 natura
923 437 1199 486 iudiciorum
1253 437 1559 497 antiquitatis
1591 438 1761 498 posita
1807 441 1927 485 erat.

153 517 325 565 Elucet
356 517 478 564 enim
513 531 571 564 ex
601 517 817 577 plurimis
851 518 1153 578 antiquorum
1185 517 1483 577 scriptorum,
1517 517 1732 577 inprimis
1766 520 1926 565 orato-

152 611 275 657 rum,
306 596 438 657 lociS,
472 596 653 645 iudices
688 598 922 646 dicentem
956 610 1048 645 non
1080 597 1223 657 plane
1255 597 1429 645 tacitos
1461 601 1511 644 et
1544 596 1732 657 quietos
1763 596 1928 655 audire

150 676 315 725 solitos
338 689 457 736 esse,
491 676 576 725 sed
609 677 776 725 crebro
804 678 1006 726 clamore
1028 682 1078 725 et
1101 677 1272 738 plausu
1303 676 1620 736 interpellare,
1653 675 1925 739 probanteS,

145 756 191 804 si
214 756 344 816 quid,
373 756 500 816 quod
521 756 867 816 adprobatione
893 757 1097 805 maxime
1121 757 1314 817 dignum
1332 770 1437 809 esse
1457 756 1713 815 videretur,
1745 754 1923 803 dictum
1974 758 1977 761 '

150 840 281 896 erat,
313 836 651 896 improbanteS,
684 837 725 885 si
753 836 882 897 quid,
913 837 962 885 in
984 851 1079 897 quo
1107 837 1307 885 multum
1334 835 1651 885 offenderetur
1671 834 1735 898 ¹).
1790 835 1925 893 Quae

147 929 290 976 quum
334 916 404 963 ita
446 916 567 975 sint,
627 929 734 963 cum
778 915 1030 964 Schaefero
1075 907 1344 965 consentire
1388 931 1481 964 non
1525 929 1796 977 possumuS,
1842 915 1925 975 qui

146 996 400 1044 molestum
426 999 477 1044 et
500 996 717 1044 odiosum
739 1010 844 1045 esse
863 996 1120 1057 iudicat²)‚
1154 996 1432 1045 Aeschinem
1465 997 1754 1057 adversariO,
1788 995 1923 1044 cuius

144 1074 322 1123 famam
346 1089 602 1124 eversurus
633 1076 710 1137 sit,
744 1075 1062 1125 defensionem
1087 1076 1362 1137 praecidere
1384 1080 1482 1136 aut,
1511 1076 1681 1136 quibus
1701 1076 1758 1124 de
1780 1075 1923 1124 rebus

146 1159 196 1203 et
229 1169 323 1216 quo
356 1156 521 1204 ordine
554 1155 631 1204 hic
661 1170 710 1204 se
744 1156 994 1217 defendat,
1028 1157 1369 1218 praescribere.
1436 1157 1592 1215 Quum
1626 1157 1773 1217 igitur
1804 1155 1922 1204 haec

143 1240 313 1284 orator
349 1250 454 1284 cum
493 1236 723 1284 iudicibus
756 1237 950 1298 agebat,
993 1250 1088 1284 non
1123 1237 1263 1284 modo
1298 1236 1480 1284 nullum
1513 1235 1777 1296 periculum
1804 1240 1924 1296 erat,

144 1329 205 1361 ne
239 1315 428 1374 iniquus
461 1320 548 1362 aut
580 1316 768 1363 invidus
796 1329 900 1363 esse
927 1316 1184 1375 videretur,
1219 1316 1303 1363 sed
1335 1316 1495 1375 etiam,
1527 1316 1566 1362 si
1596 1328 1654 1362 ex
1686 1316 1924 1362 sententia

147 1394 455 1454 succederet,
489 1394 654 1455 magni
687 1395 919 1443 commodi
950 1408 1081 1456 speS,
1117 1407 1263 1454 quum
1294 1394 1638 1444 Demosthenes
1669 1407 1727 1442 eo
1759 1393 1925 1442 ordine

144 1487 304 1520 rerum
335 1474 640 1533 locorumque
671 1475 742 1521 uti
775 1480 1051 1534 cogeretur,
1094 1475 1173 1533 qui
1205 1475 1268 1521 ad
1300 1473 1440 1521 fidem
1473 1474 1736 1522 faciendam
1765 1474 1919 1521 minus

143 1557 288 1613 aptus
312 1557 454 1601 esset.
519 1553 710 1614 Verum,
740 1554 781 1601 si
808 1567 903 1601 non
929 1553 1224 1613 succedebat,
1256 1557 1312 1601 ut
1337 1553 1573 1602 iudicibus
1590 1553 1918 1614 persuaderet,

142 1633 269 1681 hunc
300 1637 464 1681 tamen
497 1647 587 1682 sua
619 1637 788 1694 sponte
821 1633 1128 1695 postulationi
1160 1633 1230 1681 illi
1251 1632 1507 1682 concedere
1536 1633 1803 1694 oportebat,
1833 1637 1921 1681 aut

141 1712 247 1761 fieri
279 1717 485 1774 poterat,
518 1717 573 1761 ut
606 1714 721 1774 ipse,
756 1727 892 1761 suam
925 1727 1119 1761 causam
1153 1713 1419 1761 inferiorem
1453 1727 1578 1773 esse,
1621 1713 1749 1762 haud
1783 1714 1918 1774 igno·

142 1807 251 1840 rare
283 1792 485 1852 ideoque
519 1797 625 1841 arte
658 1793 923 1853 quaesitam
964 1797 1013 1841 et
1050 1792 1346 1842 elaboratam
1391 1792 1748 1855 dispositionem
1780 1793 1919 1842 insti-

141 1873 294 1921 tuisse
325 1872 584 1921 videretur.

266 1953 356 2001 His
388 1948 645 2000 Aeschines
688 1953 844 2001 locum
886 1952 1125 2012 adnectit,
1169 1952 1250 2012 qui
1282 1952 1486 2000 maxime
1527 1951 1727 2013 insignis
1760 1956 1836 2001 est
1868 1956 1917 2001 et

142 2032 411 2080 incredibili
439 2032 644 2092 quadam
689 2032 735 2080 vi
780 2037 830 2080 et
861 2031 1017 2080 faceta
1050 2032 1290 2080 suavitate
1325 2032 1507 2080 dicendi
1539 2046 1595 2080 ac
1627 2036 1759 2081 totus
1791 2045 1920 2081 com-

136 2113 327 2173 positus
361 2112 422 2159 ad
457 2112 602 2159 animi
631 2116 790 2160 motus
824 2112 900 2159 vel
932 2112 1206 2180 excitandos
1238 2112 1313 2160 vel
1346 2111 1684 2172 reprimendos.
1753 2112 1918 2173 Fingit

137 2193 289 2252 enim,
334 2206 426 2252 quo
456 2195 597 2252 pacto
629 2192 973 2240 Demosthenes
1008 2205 1060 2240 se
1097 2196 1319 2252 gesturus
1353 2192 1442 2252 sit,
1486 2192 1528 2239 si
1562 2192 1914 2253 dispositionem

137 2286 168 2320 a
202 2287 254 2321 se
284 2273 580 2333 propositam
613 2273 751 2333 sequi
785 2277 996 2332 cogatur.
1070 2273 1207 2321 Facit
1239 2286 1345 2320 eum
1375 2271 1428 2334 (ἓ
1463 2270 1917 2333 207—208)·male—

136 2352 266 2400 dicta
299 2352 347 2399 in
375 2365 596 2400 coronam
628 2352 954 2400 coniicientem
979 2352 1239 2418 civiumque
1265 2351 1547 2400 discordiam
1569 2365 1628 2399 ex
1646 2355 1748 2399 tam
1775 2351 1914 2412 longo

135 2438 351 2493 tempore
372 2433 591 2481 sedatam
614 2432 933 2497 refricantem,
965 2433 1044 2481 cui
1069 2432 1355 2494 turpitudini
1386 2432 1582 2493 opponit
1612 2432 1912 2481 honestatem

133 2518 183 2561 et
213 2513 551 2561 liberalitatem
586 2527 775 2575 eorum,
808 2514 917 2574 qui,
954 2513 1154 2574 triginta
1188 2513 1406 2574 tyrannis
1436 2512 1668 2574 expulsiS,
1702 2512 1911 2560 omnium

131 2593 369 2642 factorum
393 2593 719 2652 dictorumque
742 2595 927 2641 veniam
958 2598 1007 2641 et
1038 2594 1324 2641 oblivionem
1353 2593 1458 2653 lege
1487 2595 1758 2641 sanxerant·
1791 2605 1912 2653 quae

131 2677 182 2722 et
216 2673 333 2734 alia,
365 2687 512 2734 quum
543 2672 720 2721 iudices
754 2673 917 2734 docet,
961 2678 1018 2721 ut
1050 2672 1397 2734 respondeant,
1440 2671 1637 2720 mirifica
1667 2686 1773 2721 cum
1806 2675 1912 2720 arte

130 2768 189 2803 ac
222 2754 487 2803 calliditate
520 2767 601 2802 eos
634 2753 814 2801 inducit
847 2753 1076 2814 dicenteS,
1109 2767 1203 2814 quo
1235 2753 1435 2814 facilius,
1468 2753 1508 2801 si
1544 2757 1791 2814 tamquam
1824 2766 1913 2800 sua

130 2835 222 2896 ipsi
246 2835 392 2884 verba
417 2834 633 2896 audiant,
665 2835 734 2883 sic
761 2834 1033 2883 afficiantur
1051 2835 1099 2883 in
1117 2834 1499 2895 Demosthenem,
1530 2837 1584 2882 ut
1608 2847 1691 2882 eos
1713 2832 1910 2881 affectos

130 2916 293 2976 fingat.
362 2917 516 2974 Quum
549 2920 713 2964 autem
745 2915 864 2963 haec
894 2915 955 2964 ad
984 2917 1104 2964 iram
1132 2930 1294 2964 eorum
1320 2914 1620 2963 excitandam
1643 2914 1773 2963 dicta
1804 2915 1916 2976 sint,

239 3101 278 3145 1)
311 3097 369 3136 Cf.
398 3097 518 3136 Dem.
547 3095 598 3136 de
626 3108 710 3136 cor.
737 3096 760 3147 S
793 3099 852 3136 10.
885 3117 930 3123 —-
967 3097 1006 3145 2)
1036 3095 1108 3144 ΙΙΙ,
1139 3095 1228 3135 230.
