2063 3494
1029 185 1102 235 50

173 344 290 393 dicit
310 343 371 406 ¹).
438 344 543 403 Quo
578 347 739 393 autem
761 343 955 393 fastidio
985 345 1221 395 barbarae
1243 350 1409 407 gentes
1434 361 1463 396 a
1485 347 1682 399 Graecis
1701 348 1952 410 despectae

173 426 290 484 sint,
325 425 404 472 vix
434 425 610 472 attinet
645 425 815 474 dicere.
883 426 987 484 Qua
1019 427 1068 474 iu
1100 440 1180 487 re,
1214 430 1269 475 ut
1300 428 1455 476 oratio
1489 429 1714 478 maiorem
1746 430 1947 491 speciem

170 506 273 552 veri
302 505 529 565 haberet,
565 504 871 552 callidissime
903 506 1163 554 Aeschines
1192 505 1326 567 fecit,
1361 507 1517 567 quod,
1554 512 1744 568 patrem
1777 509 1948 556 Demo-

171 585 354 633 sthenis
388 585 588 633 liberum
621 584 794 646 fuisse,
838 585 1043 644 ingenue
1087 585 1342 635 confitetur
1375 590 1445 645 et,
1488 586 1706 636 veritatis
1739 600 1948 636 amorem

170 665 412 725 simulans,
445 664 580 713 nefas
616 678 720 713 esse
759 665 952 713 mentiri
986 665 1132 713 addit.
1207 665 1387 714 Deinde
1419 666 1749 715 Demosthenis
1781 667 1946 715 studia

168 760 224 794 ac
258 746 385 794 vitae
420 746 660 793 rationem
702 747 1031 807 perstringens
1074 760 1218 806 quum
1261 746 1415 794 multa
1460 750 1510 794 et
1544 746 1639 795 alia
1673 746 1945 808 exprobrat,

170 832 273 874 tum
305 826 417 887 hoc,
460 840 545 887 per
587 826 780 887 longum
822 831 1007 888 tempus
1055 826 1161 875 aliis
1207 841 1316 875 eum
1361 827 1598 876 orationes
1633 827 1943 889 scriptitasse.

165 907 222 955 In
269 921 364 968 quo
410 906 653 955 hominum
701 921 874 967 genere
924 906 1122 970 (Graeci
1173 910 1346 956 vocant
1396 906 1750 971 λογογράφους)
1797 920 1942 968 quum

165 988 302 1035 multi
348 987 637 1036 fraudulenti
683 992 732 1036 et
775 1002 977 1048 nequam
1025 991 1207 1049 essent,
1261 988 1341 1049 qui
1382 988 1575 1036 minima
1617 987 1829 1037 mercede
1869 986 1945 1035 vel

163 1068 418 1129 pessimam
452 1081 644 1116 causam
675 1067 987 1129 susciperent,
1020 1081 1132 1115 mox
1163 1067 1340 1116 factum
1375 1072 1464 1129 est,
1495 1073 1549 1117 ut
1582 1082 1751 1118 nomen
1783 1070 1833 1116 et
1863 1080 1943 1115 res

166 1150 213 1195 in
259 1147 499 1195 infamiam
544 1148 846 1210 venirent2).
921 1148 1081 1206 Quare
1126 1149 1315 1209 saepius
1361 1149 1642 1209 AeschineS,
1687 1152 1743 1197 ut
1785 1147 1942 1196 odium

161 1228 367 1275 iudicum
401 1228 600 1288 excitet,
636 1228 778 1274 huius
811 1228 1011 1274 nominis
1046 1228 1258 1275 convicio
1279 1225 1425 1276 'illum
1458 1233 1614 1276 vexat.
1679 1229 1827 1276 Porro
1861 1241 1940 1275 ex-

160 1308 322 1368 ponit,
367 1307 570 1355 eundem
601 1321 706 1355 esse
736 1307 976 1367 venalem,
1021 1308 1294 1368 prodigum,
1345 1307 1671 1368 libidinosum,
1713 1308 1938 1368 ignavum

162 1387 415 1435 hominem·
449 1400 651 1447 quorum
685 1387 909 1435 vitiorum
934 1401 1081 1447 quum
1109 1388 1157 1434 in
1191 1388 1469 1435 narratione
1501 1402 1660 1436 rerum
1693 1392 1938 1449 gestarum

160 1468 280 1516 satis
314 1467 527 1529 quidem,
569 1467 653 1517 sed
695 1467 873 1528 passim
915 1480 973 1515 ac
1020 1466 1233 1529 disperse
1277 1467 1561 1516 mentionem
1594 1466 1812 1528 fecisset,
1850 1467 1941 1515 hoc

158 1548 284 1607 1000,
330 1552 387 1595 ut
428 1548 557 1596 illius
601 1552 755 1596 totum
798 1548 941 1595 animi
986 1547 1202 1595 habitum
1244 1548 1381 1609 plene
1427 1549 1737 1608 exprimeret,
1780 1549 1938 1596 omnia

160 1628 358 1676 collecta
391 1628 439 1675 in
475 1642 568 1676 uno
603 1632 860 1688 conspectu
896 1628 1072 1688 posuit.

881 1872 886 1881 “
917 1851 1083 1914 Caput
1122 1852 1185 1902 X.

722 1968 844 2019 De
874 1967 1373 2033 peroratione.

283 2098 417 2147 Haec
451 2099 642 2159 quidem
677 2104 812 2160 sunt,
852 2112 975 2159 quae
1008 2097 1175 2147 effudit
1207 2098 1463 2147 Aeschines
1493 2098 1554 2146 ad
1585 2098 1931 2148 accusationem

153 2178 537 2227 confirmandam.
606 2179 740 2237 Quae
776 2180 960 2240 reliqua
995 2183 1123 2239 sunt,
1156 2178 1368 2226 efficiunt
1397 2180 1769 2240 perorationem3
1799 2179 1933 2227 cuius

151 2274 266 2309 sane
299 2260 499 2309 offendit
528 2261 681 2322 prima
714 2260 867 2321 specie
898 2259 1043 2309 nimia
1062 2259 1322 2321 longitudQ
1359 2259 1442 2309 sed
1473 2263 1601 2309 recte
1619 2259 1722 2308 eius
1742 2259 1929 2308 initium

151 2342 199 2388 in
248 2341 339 2389 hoc
384 2341 514 2401 loco,
558 2342 663 2389 dico
710 2342 757 2388 in
805 2341 831 2402 ἕ
868 2344 983 2401 177,
1030 2341 1278 2400 constitui,
1318 2340 1443 2388 infra
1484 2340 1931 2388 demonstrabimus,

149 2422 281 2469 Haec
313 2426 471 2469 autem
520 2425 733 2469 extrema
779 2421 934 2469 oratio
973 2435 1068 2469 non
1114 2420 1344 2469 minorem
1385 2420 1480 2468 vim
1515 2434 1601 2469 nec
1641 2420 1797 2468 minus
1828 2433 1930 2466 mo-

150 2503 298 2551 menti
332 2502 393 2550 ad
427 2502 732 2551 obtinendam
770 2515 962 2551 causam
993 2501 1163 2562 habet,
1204 2515 1347 2562 quam
1390 2500 1668 2562 principium
1702 2504 1752 2548 et
1786 2512 1929 2560 argu-

145 2583 391 2631 mentatio
478 2583 576 2631 Nec
630 2583 771 2630 debet
813 2586 979 2630 orator
1021 2582 1230 2642 opinari,
1288 2582 1327 2630 si
1371 2585 1556 2630 ceteras
1598 2584 1761 2641 partes
1805 2581 1926 2629 hene

147 2664 448 2724 tractaverit,
483 2665 531 2711 in
565 2663 655 2711 hac
688 2663 1005 2723 negligentem
1038 2651 1143 2710 esse
1176 2662 1266 2711 sibi
1299 2662 1453 2723 licere,
1487 2662 1572 2710 sed
1608 2666 1774 2710 contra
1809 2662 1925 2710 eniti

145 2750 291 2806 atque
324 2746 626 2801 contendere,
662 2747 718 2791 ut
750 2747 972 2791 accurate
994 2756 1097 2790 eam
1131 2743 1366 2791 instituat.
1435 2743 1548 2800 Quis
1571 2743 1695 2790 enim
1724 2743 1929 2803 ignorat,

145 2840 306 2873 omnes
352 2826 633 2886 plerumque
676 2838 753 2872 res
802 2839 858 2873 ex
913 2823 1007 2872 fine
1054 2827 1103 2872 et
1152 2824 1283 2872 exitu
1331 2824 1604 2873 aestimari?
1679 2823 1793 2882 Quis
1835 2827 1925 2883 est,

144 2920 284 2967 quem
317 2906 484 2966 fugiat,
517 2920 588 2965 ea,
622 2919 742 2967 quae
775 2905 881 2966 quis
913 2904 1157 2966 praeclare
1189 2917 1389 2953 exorsus
1412 2917 1468 2952 ac
1498 2907 1814 2965 persequutus
1845 2904 1924 2964 sit,

140 2987 202 3034 ab
249 2986 519 3034 hominibus
573 2986 700 3034 haud
756 3000 866 3033 raro
920 2986 1158 3033 contemni
1210 2999 1267 3034 ac
1317 2986 1497 3046 sperui,
1548 2985 1589 3032 si
1635 2984 1924 3033 contrarium

228 3153 290 3219 '1)
319 3167 369 3208 cf.
400 3166 559 3216 Quinct.
594 3168 644 3218 V,
678 3171 738 3215 10,
771 3170 820 3207 24
849 3179 936 3218 sqq.
1001 3170 1043 3217 2)
1074 3168 1124 3208 cf.
1152 3168 1280 3209 schol.
1311 3167 1364 3208 ad
1394 3167 1417 3218 S
1450 3169 1523 3207 173
1553 3159 1673 3206 huius
1706 3165 1916 3208 orationis.
