2063 3494
978 140 1050 192 60

136 304 273 349 satur
312 301 459 361 igitur
498 300 574 349 hic
616 301 770 350 oratio
803 301 853 348 in
884 315 962 362 eo,
995 301 1121 362 quod
1151 290 1341 363 ,,ἥθος“
1373 303 1568 361 vocant3
1612 312 1766 360 neque
1796 310 1908 346 vero

136 380 378 429 nonnullis
414 381 521 429 aliis
554 380 671 429 locis
703 380 843 429 huius
884 369 1127 430 extremae
1172 380 1324 442 partis
1369 380 1533 428 orator
1572 377 1911 441 praetermisit,

135 460 250 520 quin
285 461 549 509 sententias
582 460 887 522 admisceret,
939 474 1063 522 quae
1104 460 1167 508 ad
1207 458 1582 508 benevolentiam
1622 459 1828 507 iudicum
1858 458 1907 505 in

133 553 185 587 se
220 540 473 588 tenendam
507 544 657 601 atque
690 541 960 600 augendam
993 540 1328 589 accomodatae
1360 543 1535 587 essent.
1601 539 1677 587 Ita
1710 539 1825 586 dicit
1858 537 1907 585 in

133 619 160 681 ξ
194 623 312 681 252,
348 634 493 681 aegre
529 635 583 669 ac
618 626 818 681 gravate
852 635 905 669 se
940 620 1291 681 calamitatum,
1325 607 1492 681 quibus
1526 618 1692 666 civitas
1726 617 1905 665 afflicta

132 700 222 762 sit,
254 701 509 762 recordari,
544 705 594 749 et
626 702 675 750 in
705 702 839 764 §191
878 701 1140 762 praedicat,
1170 706 1355 761 patrem
1390 714 1528 749 suum
1561 699 1765 747 omnium
1795 697 1909 746 civi-

130 781 248 829 tatis
272 780 596 829 molestiarum
619 782 898 843 participem
926 781 1074 830 fuisse
1100 795 1274 843 easque
1297 781 1385 829 sibi
1405 794 1547 841 saepe
1566 783 1907 840 persequutum

131 874 251 909 esse.
317 861 434 923 Sed,
484 866 540 910 ut
583 863 646 910 ad
693 862 991 924 propositum
1036 862 1191 909 locum
1233 875 1319 910 nos
1350 861 1635 921 referamuS,
1671 859 1814 920 plane
1848 872 1907 906 ex

129 946 307 989 natura
340 955 396 989 ac
417 942 522 1002 lege
543 944 875 1002 perorationiS,
907 956 1029 1002 quae
1052 946 1306 1003 oratorem,
1334 942 1616 1002 praesertim
1639 941 1680 987 si
1701 942 1903 999 accuset,

130 1022 180 1067 in
212 1021 407 1069 mitibus
453 1021 707 1070 affectibus
750 1022 896 1070 latius
938 1022 1129 1083 vagari,
1184 1025 1346 1083 vetat,
1407 1020 1660 1069 Aeschines
1705 1019 1810 1067 lene
1857 1023 1908 1066 et

129 1100 427 1148 moderatum
459 1101 646 1150 dicendi
670 1115 822 1162 genus
852 1116 957 1150 cum
989 1102 1256 1150 vehementi
1274 1101 1343 1148 ita
1366 1100 1652 1162 permiscuit,
1682 1104 1738 1147 ut
1758 1099 1905 1147 multo

129 1182 288 1230 minus
321 1195 373 1229 se
402 1185 569 1229 contra
599 1182 863 1230 adversarii
901 1182 1259 1230 criminationes
1298 1179 1577 1239 defendere,
1620 1193 1764 1240 quam
1806 1179 1908 1240 ipse

131 1261 208 1309 hic
240 1274 427 1322 quoque
460 1262 593 1309 illum
625 1262 899 1322 asperrimis
937 1261 1161 1310 conviciis
1197 1261 1397 1308 obruere
1431 1260 1634 1309 voluisse
1664 1259 1905 1308 videatur.

257 1341 675 1390 criminationibus
709 1342 971 1389 adversarii
1005 1341 1206 1401 provisis
1240 1331 1556 1400 repulsisque,
1587 1341 1757 1387 mirum
1789 1339 1904 1399 fore,

131 1422 352 1481 exponit,
410 1421 452 1469 si
494 1421 677 1469 iudices
721 1421 1072 1469 accusationem
1119 1420 1424 1480 reprobaturi
1469 1420 1566 1468 sint
1611 1418 1667 1481 (ς
1708 1417 1825 1481 230)
1848 1420 1903 1479 ¹).

130 1501 256 1548 Nam
287 1503 493 1561 primum
525 1500 644 1548 nihil
680 1514 887 1560 unquam
925 1505 1145 1560 rogatum
1186 1514 1315 1560 esse,
1357 1500 1483 1560 quod
1523 1500 1677 1558 magis
1719 1498 1902 1558 legibus

126 1584 388 1642 repugnet3
421 1579 594 1628 deinde
610 1593 732 1642 eum,
769 1580 852 1640 qui
870 1581 1126 1640 rogaverit,
1159 1584 1356 1641 propter
1378 1584 1563 1639 turpem
1584 1579 1732 1626 vitam
1750 1592 1903 1639 poena

128 1661 327 1721 dignum
355 1674 485 1721 esse3
519 1665 621 1709 tum
645 1661 832 1709 civitati
852 1659 1067 1709 futurum
1090 1675 1194 1709 esse
1219 1660 1453 1719 dedecori,
1485 1659 1527 1707 si
1553 1659 1901 1707 Demosthenes

127 1754 351 1789 coronam
385 1741 600 1801 accipiat·
647 1741 782 1789 cuius
817 1742 1015 1802 rationis
1049 1742 1144 1789 vim
1177 1745 1231 1788 ut
1264 1744 1464 1801 augeat,
1505 1740 1740 1801 exquisita
1773 1740 1903 1787 calli-

130 1821 283 1869 ditate
303 1820 673 1869 Demosthenem
696 1835 802 1869 cum
832 1820 1051 1868 Thersite
1081 1820 1160 1868 illo
1184 1820 1434 1868 Homerico
1452 1825 1697 1880 comparat
1714 1820 1760 1882 (g
1774 1820 1901 1881 231).

129 1905 231 1959 Quo
267 1915 414 1961 quum
446 1900 564 1948 nihil
592 1899 873 1961 deformiuS,
917 1900 1033 1948 nihil
1065 1900 1449 1960 maledicentiuS‚
1490 1901 1608 1948 nihil
1640 1901 1838 1961 nequius
1870 1914 1900 1948 a

128 1982 321 2031 Graecis
354 1981 624 2029 hominibus
656 1982 966 2042 cogitaretur,
1000 1985 1366 2030 consentaneum
1401 1988 1528 2042 erat,
1578 1981 1653 2029 vel
1684 1980 1899 2029 nolentes

126 2062 329 2110 iudicum
368 2062 553 2109 animos
596 2062 701 2109 eius
747 2061 950 2109 horrore
993 2061 1241 2122 perfundi,
1288 2060 1381 2122 qui'
1410 2061 1533 2109 illius
1587 2061 1752 2109 similis
1794 2074 1899 2109 esse

126 2142 404 2202 fingeretur.
438 2169 500 2175 —
544 2141 693 2189 Porro
727 2142 893 2189 edocet
925 2141 1127 2203 iudiceS,
1175 2142 1215 2189 si
1246 2141 1497 2189 absolvant
1529 2140 1897 2202 Ctesiphontem,

123 2223 423 2284 professuros
458 2237 583 2283 esse,
624 2222 865 2271 civitatem
904 2237 933 2270 a
975 2222 1193 2283 fortuna,
1252 2237 1282 2270 a
1312 2237 1405 2283 qua
1438 2226 1598 2270 tamen
1630 2236 1813 2283 semper
1845 2236 1896 2270 se
1919 2226 1930 2230 ”

121 2303 340 2352 adiuvari
389 2303 495 2364 ipsa
536 2302 791 2364 glorietur,
844 2303 1119 2351 derelictam
1163 2316 1293 2364 esse,
1350 2317 1380 2351 a
1423 2301 1744 2360 Demosthene
1788 2316 1899 2351 vero

121 2383 352 2432 beneficia
382 2370 914 2445 accepisse'praeterea
948 2384 1205 2431 absurdum
1240 2397 1359 2444 esse,
1392 2396 1537 2443 quum
1567 2383 1710 2443 alios,
1742 2383 1896 2443 pretio

121 2469 387 2525 corruptOS,
423 2465 464 2513 si
497 2466 699 2513 convicti
732 2465 842 2525 sint,
877 2464 1191 2512 condemnare
1228 2463 1428 2525 soleant,
1463 2477 1583 2522 eum,
1616 2476 1755 2523 quem
1778 2477 1899 2511 mer-

119 2545 235 2594 cede
268 2545 554 2593 conductum
587 2544 925 2605 rempublicam
956 2544 1316 2592 administrasse
1341 2557 1503 2592 omnes
1521 2545 1689 2603 sciant,
1722 2556 1897 2591 corona

121 2625 345 2673 decorare
387 2625 432 2686 (ς’
468 2628 604 2672 232-
626 2624 752 2684 233).
835 2625 991 2685 Atque
1047 2624 1192 2673 haec,
1224 2624 1414 2685 quidem
1466 2624 1633 2672 leviter
1684 2624 1894 2684 attingit,

117 2706 259 2768 paulo
292 2705 444 2755 fusius
479 2710 700 2761 versatur
732 2706 782 2753 in
814 2705 897 2765 iis,
928 2719 1049 2766 quae
1084 2709 1347 2766 sequuntur
1381 2704 1435 2768 (ξ)
1471 2703 1762 2766 234-235).
1823 2703 1897 2752 Ibi

119 2788 354 2850 ostendit,
396 2787 740 2848 Athenienses,
791 2787 831 2835 si
865 2786 1123 2835 honoribus
1161 2792 1392 2835 exornent
1431 2786 1644 2838 homines
1676 2785 1894 2846 indignos

116 2881 319 2930 eosque,
370 2870 451 2929 qui
492 2874 660 2917 contra
704 2869 832 2929 leges
865 2881 923 2915 ac
964 2881 1053 2927 per
1093 2868 1252 2915 dolum
1302 2866 1578 2927 perficiant,
1633 2866 1724 2914 sibi
1767 2866 1894 2925 ipsos

225 3045 266 3089 1)
297 3040 409 3091 Quae
437 3041 476 3080 in
509 3040 557 3092 §S
584 3043 663 3081 228
691 3046 732 3081 et
759 3043 836 3082 229
864 3041 1075 3092 leguntur,
1117 3040 1361 3090 omittimus,
1399 3039 1496 3090 quia
1531 3038 1635 3078 haec
1670 3037 1712 3077 in
1740 3036 1891 3078 iudicio

111 3127 194 3154 non
226 3124 318 3154 csse
348 3111 458 3153 (licta
486 3119 671 3163 apparet.
