2063 3494
1019 146 1051 196 2

141 302 237 350 alia
271 304 515 364 omittam,
556 309 654 352 tam
689 306 880 366 insigne
914 310 990 355 est
1024 307 1284 368 exemplum
1320 307 1470 355 Attici
1503 307 1692 356 dicendi
1720 287 1926 368 genem,

142 388 197 430 ut
229 382 445 432 Ciceroni
489 384 633 445 digna
677 399 783 436 esse
828 387 932 434 visa
978 387 1066 447 sit,
1119 400 1258 448 quam
1303 387 1350 434 in
1390 387 1618 436 Latinum
1661 402 1925 436 sermonem

141 468 441 513 converteret
462 469 511 513 et
533 466 596 513 ad
619 466 901 515 imitandum
925 471 1230 528 proponeret.
1279 467 1417 526 Quod
1443 468 1565 516 enim
1582 468 1868 517 Niebuhrius
1886 468 1927 529 ¹)

141 545 392 604 iudicavit,
434 545 681 593 Aeschinis
710 547 974 594 orationem
1009 562 1104 595 non
1149 549 1305 595 minus
1349 548 1464 595 mali
1509 550 1738 609 oratoris,
1783 563 1925 609 quam

140 625 355 684 perversi
388 624 593 674 hominis
627 640 758 686 esse,
794 626 935 675 hodie
967 629 1046 675 vix
1078 629 1327 689 quisquam
1361 629 1611 689 amplius(
1633 630 1714 689 qui
1745 629 1927 690 probet,

139 705 422 753 invenietur.
479 695 673 766 ‘Itaque
718 706 806 754 viri
850 707 977 755 docti
1023 708 1072 755 in
1115 714 1320 769 utraque
1368 709 1733 769 interpretanda
1776 712 1827 757 et
1868 709 1925 756 il-

139 785 394 833 lustranda
425 800 649 846 magnam
685 787 876 847 quidem
912 801 1106 847 operam
1141 792 1191 836 et
1226 803 1388 836 curam
1423 792 1809 849 consumserunt,
1840 788 1924 836 sed

139 870 301 914 tamen
344 867 593 916 Aeschinis
645 868 799 916 oratio
843 867 1034 929 plenam
1092 869 1473 917 aestimationem
1524 869 1733 917 nondum
1784 873 1925 917 nacta

141 961 246 994 esse
279 947 485 995 videtur.

265 1027 431 1086 Neque
461 1041 601 1087 ver0,
633 1028 723 1076 nisi
759 1028 983 1088 antiquae
1018 1028 1320 1087 eloquentiae
1353 1032 1532 1077 natura
1565 1033 1709 1089 atque
1741 1028 1922 1077 indoles

138 1112 393 1168 perspecta
436 1111 486 1155 et
529 1108 820 1156 consuetudo
867 1108 1141 1156 concionum
1188 1107 1557 1169 iudiciorumque
1602 1106 1792 1169 cognita
1835 1111 1923 1169 est,

138 1187 281 1234 ullius
317 1187 528 1234 Graecae
567 1190 655 1234 aut
689 1188 906 1235 Latinae
938 1189 1169 1235 orationis
1214 1189 1366 1236 omnis
1415 1189 1486 1236 vis
1531 1189 1674 1249 plane
1716 1202 1924 1249 compre-

136 1267 279 1314 hendi
304 1270 477 1327 potest.
544 1267 634 1314 Est
668 1272 828 1314 autem
862 1268 1092 1327 antiquae
1120 1268 1423 1328 eloquentiae
1454 1269 1578 1316 ratio
1611 1268 1674 1316 ab
1708 1268 1797 1317 bac
1821 1269 1922 1317 vita

136 1349 186 1394 et
218 1346 562 1394 consuetudine
597 1359 795 1407 prorsus
830 1347 1034 1394 diversa.
1102 1346 1258 1404 Quum
1294 1352 1459 1396 nostra
1493 1348 1673 1409 oratio,
1714 1360 1838 1407 quae
1869 1348 1917 1395 in

135 1427 338 1487 publicis
357 1427 598 1474 hominum
623 1427 1044 1474 deliberationibus
1066 1432 1152 1474 aut
1172 1428 1218 1474 in
1242 1429 1430 1475 iudiciis
1452 1432 1691 1487 versatur,
1719 1429 1923 1475 maxime

135 1506 201 1554 ad
235 1506 600 1566 intelhgentiam
635 1520 822 1566 eorum,
857 1507 938 1566 qui
971 1506 1199 1567 audiunt,
1249 1508 1458 1568 spectet,
1500 1508 1572 1555 ita
1602 1511 1659 1555 ut
1689 1507 1759 1568 hi,
1804 1505 1921 1567 quid

135 1588 185 1636 in
217 1600 406 1648 quaque
439 1601 491 1649 re
528 1597 688 1635 verum
710 1591 953 1635 rectumve
980 1587 1055 1647 sit,
1089 1588 1382 1648 argumentis
1415 1601 1471 1637 ac
1496 1584 1766 1636 'rationibus
1792 1587 1921 1636 docti

135 1669 366 1729 probent,
414 1668 720 1728 antiquitatis
768 1669 923 1715 oratio
966 1682 1118 1728 paene
1167 1672 1274 1716 tota
1319 1669 1380 1716 ad
1425 1669 1806 1729 persuadendum
1851 1669 1922 1717 ita

143 1752 250 1796 erat
283 1739 570 1808 composita,
610 1752 667 1816 ut
700 1748 759 1794 ad
793 1748 976 1807 aliquid
1011 1748 1313 1807 probandum
1344 1749 1754 1808 exsequendumve
1784 1762 1922 1809 prae÷

137 1830 275 1888 cipue
308 1829 455 1875 animi
489 1832 705 1876 motuum
743 1828 790 1875 vi
835 1828 1083 1875 audientes
1119 1828 1483 1876 adducerentur.
1564 1829 1737 1888 Itaque
1779 1828 1920 1876 multi

138 1908 446 1970 antiquitatis
491 1907 711 1956 rhetores
759 1907 964 1956 oratoris
1017 1911 1170 1956 artem
1226 1907 1502 1969 simpliciter
1545 1907 1775 1962 definiunt
1816 1921 1921 1957 esse

138 1995 293 2037 artem
323 1989 643 2050 persuadendi
676 1989 750 2036 vel
775 1990 1081 2037 accomodate
1113 1989 1176 2037 ad
1209 1989 1603 2050 persuadendum-
1621 1989 1823 2049 dicendi,
1856 1993 1919 2049 et,

136 2071 177 2119 si
205 2071 286 2118 alii
314 2071 417 2118 eius
440 2070 535 2117 vim
557 2069 699 2117 aliam
723 2069 964 2129 quandam
991 2082 1191 2129 eamque
1216 2069 1482 2129 graviorem
1506 2074 1556 2117 et
1573 2055 1919 2129 generosiorem

137 2164 243 2199 esse
279 2150 474 2210 volunt,
509 2162 605 2196 non
639 2162 696 2197 ex
729 2149 1069 2196 consuetudine
1104 2149 1232 2197 vitae
1265 2148 1659 2210 interpretantur.
1692 2176 1753 2183 —
1785 2148 1918 2196 Haec

136 2237 301 2278 autem
337 2232 487 2278 omnis
522 2231 748 2289 antiquae
783 2230 1084 2289 eloquentiae
1115 2234 1292 2277 natura
1333 2230 1383 2276 in
1426 2243 1582 2277 rerum
1623 2229 1920 2290 publicarum

132 2312 303 2372 forma,
337 2310 425 2372 vel,
458 2314 515 2358 ut
552 2309 795 2359 definitius
820 2309 1084 2371 loquamur,
1119 2309 1169 2357 in
1203 2309 1408 2358 maxima
1441 2310 1647 2358 omnium
1674 2312 1918 2371 potestate

136 2394 195 2441 de
227 2392 420 2440 summis
462 2392 608 2440 rebus
650 2391 929 2438 decernendi
972 2391 1132 2451 posita
1176 2396 1296 2439 erat.
1382 2391 1500 2449 Quis
1542 2392 1665 2439 enim
1708 2391 1915 2450 ignorat,

131 2474 352 2535 plurima,
386 2487 508 2534 quae
534 2474 582 2521 in
605 2486 792 2534 quaque
822 2486 876 2520 re
904 2472 1030 2533 apud
1060 2486 1144 2520 nos
1168 2472 1335 2533 paucis
1359 2472 1625 2533 peritisque
1651 2469 1917 2519 hominibus

134 2554 446 2601 deliberanda
478 2557 529 2600 et
555 2553 854 2600 decernenda
883 2553 1067 2611 dentur,
1101 2553 1230 2612 apud
1263 2553 1487 2612 antiquos
1520 2552 1802 2612 plerumque
1833 2555 1917 2598 aut

133 2635 194 2682 ab
228 2635 451 2682 universa
486 2632 649 2693 populi
684 2632 987 2680 multitudine
1022 2636 1108 2680 aut
1144 2637 1307 2681 tamen
1351 2645 1382 2679 a
1421 2644 1597 2692 magna
1636 2631 1735 2679 eius
1778 2634 1918 2692 parte

133 2715 402 2777 disceptata
440 2727 544 2762 esse
556 2716 580 2761 ἱ)
612 2713 845 2771 Quoniam
876 2716 1038 2760 autem
1070 2712 1241 2771 vulgus
1273 2712 1463 2760 omnino
1495 2713 1675 2773 impetu
1708 2711 1915 2773 quodam

133 2798 280 2846 animi
312 2801 362 2845 et
393 2795 759 2857 perturbatione
784 2796 949 2854 magis,
981 2807 1123 2854 quam
1155 2793 1330 2842 iudicio
1364 2796 1447 2842 aut
1476 2793 1682 2854 consilio,
1715 2793 1913 2853 regitur,

134 2892 226 2926 non
268 2878 409 2926 modo
452 2878 507 2937 ii,
556 2876 637 2936 qui
677 2875 949 2922 dominandi
995 2874 1259 2934 cupiditate
1293 2874 1422 2923 ducti
1467 2875 1725 2936 principem
1759 2874 1912 2921 locum

131 2959 181 3005 in
215 2958 457 3017 republica
492 2962 657 3005 tenere
693 2956 974 3016 cupiebant,
1019 2954 1102 3002 sed
1137 2955 1280 3002 etiam
1320 2957 1528 3017 optimus
1564 2955 1786 3016 quisque,
1832 2954 1913 3014 qui

244 3132 286 3178 1)
319 3129 522 3178 Vortrage
551 3127 654 3167 iiber
682 3126 766 3167 alte
794 3126 1061 3179 Geschichte,
1093 3126 1167 3167 III.
1196 3138 1288 3178 pag.
1316 3127 1353 3167 9.
