2063 3494
1037 63 1071 114 3

167 223 284 272 nihil
315 223 408 273 nisi
446 222 649 272 salutem
695 224 865 272 civium
908 223 1183 285 spectabat,
1224 224 1379 271 faeere
1408 237 1500 270 non
1533 227 1782 284 poterant,
1826 225 1938 284 quin

166 303 317 364 magis
348 303 414 351 ad
444 317 612 352 sensus
635 304 1002 365 voluntatesque
1033 303 1329 352 audientium
1360 316 1502 363 quam
1535 303 1597 350 ad
1624 304 1854 351 rationem
1880 318 1936 352 ac

165 384 415 433 consilium
447 384 707 433 orationem
740 384 1109 433 conformarent.
1186 382 1377 431 Nostris
1413 397 1603 444 quoque
1644 385 1934 444 temporibus

163 478 225 513 ex
253 465 391 513 simili
424 469 555 514 statu
585 466 796 514 civitatis
835 466 961 514 idem
1002 465 1185 513 dicendi
1230 479 1378 524 genus
1424 465 1739 524 efflorescere,
1789 480 1935 525 quum

165 558 224 593 ea
256 544 528 607 declarant,
570 560 693 607 quae
725 546 783 595 de
817 545 1110 616 memorabili
1143 545 1225 593 illa
1259 545 1628 593 commutatione
1660 559 1716 593 ac
1748 549 1937 605 pertur-

164 625 358 674 batione
408 626 613 674 omnium
667 640 827 674 rerum
871 625 1192 687 publicarum,
1251 639 1373 685 quae
1422 625 1511 673 sub
1557 624 1699 672 finem
1744 625 1936 685 pristini

162 706 339 755 saeculi
380 707 429 754 in
462 706 618 755 Gallia
658 706 786 755 facta
830 710 928 766 est,
988 707 1268 767 traduntur,
1328 710 1432 771 tugn
1483 719 1569 754 nos
1611 706 1704 771 ipsi
1748 706 1930 766 experti

161 800 344 847 sumUS,
391 800 532 847 quum
566 790 676 834 ante
709 786 797 835 hos
830 787 921 835 XX
950 801 1102 835 annos
1141 786 1264 834 idem
1305 786 1405 835 fere
1440 787 1488 834 in
1523 786 1612 834 hac
1648 791 1780 834 terra
1811 786 1933 834 acci-

162 866 321 914 disset.
387 867 675 915 1‹.tiamnunc
704 867 946 927 praeclare
967 868 1273 927 meminimuS,
1305 867 1558 927 populares
1583 867 1691 914 illos
1717 867 1931 914 homines

159 948 208 994 in
254 947 547 995 audientium
606 948 774 995 animis
829 948 986 996 varios
1041 952 1201 995 motus
1261 948 1492 1006 excitare,
1547 960 1802 1007 omnesque
1849 961 1931 995 eos

159 1026 414 1087 plurimum
446 1026 574 1086 apud
607 1026 797 1087 vulgum
820 1027 993 1088 valere,
1026 1028 1105 1088 qui
1138 1028 1271 1088 iram,
1305 1028 1478 1086 odium,
1511 1027 1630 1075 alios
1663 1027 1928 1075 animorum

158 1120 328 1154 sensus
360 1107 738 1167 inflammabant,
768 1108 873 1154 illos
900 1121 1024 1167 vere,
1058 1108 1137 1166 qui
1161 1109 1345 1154 ratione
1368 1121 1424 1154 ac
1456 1108 1651 1155 consilio
1679 1108 1929 1167 docebant,

157 1186 394 1235 contemni
428 1187 501 1235 vel
534 1187 679 1235 etiam
708 1187 908 1247 explodi.
942 1215 1002 1221 —
1054 1187 1210 1245 Quum
1256 1187 1369 1235 lraec
1413 1187 1560 1247 igitur
1593 1191 1719 1235 esset
1753 1191 1926 1236 natura

153 1267 380 1326 antiquae
428 1267 722 1327 eloquentiae
762 1266 1268 1327 frequentissimusque
1315 1280 1430 1314 usus
1478 1267 1749 1327 accederet,
1809 1280 1922 1314 con-

154 1349 442 1393 sentaneum
476 1351 595 1406 erat,
627 1347 728 1394 vias
761 1361 817 1394 ac
850 1347 1062 1394 rationes
1097 1332 1507 1406 exquiri,'quibus
1540 1348 1842 1406 potissimum
1876 1348 1924 1395 in

150 1411 345 1486 quoque
366 1439 522 1473 rermn
543 1429 628 1473 aut
650 1439 898 1474 causarum
926 1439 1098 1486 genere
1122 1426 1414 1474 audientium
1437 1427 1581 1474 animi
1605 1431 1926 1476 moverentur.

155 1506 232 1554 Ita
261 1505 437 1554 factum
470 1510 566 1567 est,
614 1510 670 1553 ut
701 1506 830 1566 leges
874 1507 1103 1567 quaedam
1138 1520 1193 1553 ac
1225 1507 1445 1568 regulae,
1490 1521 1609 1568 quas
1644 1508 1765 1556 ratio
1798 1508 1927 1556 inve-

154 1591 295 1635 nerat
334 1591 384 1635 et
423 1587 709 1648 probaverat
748 1601 885 1648 usuS,
944 1593 1338 1648 proponerentur.
1416 1588 1546 1646 Quae
1592 1602 1738 1649 quum
1781 1604 1925 1639 cursu

153 1668 377 1727 temporis
423 1672 712 1726 augerentur
770 1671 820 1715 et
867 1667 1290 1727 amplificarentur,
1350 1669 1551 1728 denique
1611 1670 1660 1716 in
1713 1672 1924 1717 ordinem

94 1774 96 1783 =
150 1748 387 1807 quendam
422 1753 471 1796 et
501 1748 702 1796 formam
737 1748 1012 1808 disciplinae
1035 1749 1256 1796 redactae
1289 1753 1413 1797 sunt.
1480 1749 1567 1797 Cui
1589 1751 1658 1797 rei
1691 1755 1922 1810 quantum

151 1827 337 1888 antiqui
379 1828 655 1889 tribuerint,
716 1841 774 1875 ex
826 1829 1030 1876 maxima
1085 1829 1218 1889 copia
1262 1830 1437 1877 artium
1480 1830 1656 1891 elucet,
1704 1844 1825 1891 quas
1872 1836 1921 1879 et

150 1907 320 1955 Graeci
356 1911 405 1955 et
439 1909 637 1955 Romani
670 1908 727 1955 de
760 1909 887 1956 omni
918 1910 1104 1957 ratione
1140 1910 1322 1956 dicendi
1355 1911 1662 1971 scripserunt,
1697 1926 1921 1972 quarum·

148 2000 242 2047 que
275 1988 403 2036 haud
433 2001 611 2048 paucae
636 1988 793 2037 adhuc
820 1993 1025 2037 exstant.
1091 1990 1540 2051 Complectebantur
1571 2005 1687 2039 sane
1718 2006 1801 2040 eae
1826 2007 1920 2041 non

149 2068 292 2115 modo
325 2073 580 2129 praecepta
611 2069 673 2115 ad
700 2070 1060 2117 commovendos
1093 2072 1275 2118 animos
1307 2072 1621 2134 pertinentia,
1656 2073 1739 2120 sed
1778 2086 1920 2133 quae-

148 2162 330 2208 cunque
363 2149 425 2196 ad
456 2148 595 2197 fidem
628 2151 856 2198 orationis
884 2150 1148 2199 faciendam
1182 2153 1448 2200 necessaria
1481 2167 1583 2201 esse
1617 2154 1916 2202 videbantur.

147 2228 402 2277 Habebant
446 2233 611 2277 autem
652 2229 831 2278 multas
874 2231 1108 2292 rationeS,
1157 2245 1299 2292 quaS‚
1350 2246 1495 2293 quum
1538 2233 1676 2281 nobis
1717 2232 1918 2282 honesto

145 2310 248 2358 viro
282 2310 505 2370 indignae
536 2324 639 2358 esse
674 2311 951 2372 videantur,
999 2313 1341 2361 causidicorum
1366 2314 1577 2362 fallacias
1611 2315 1684 2362 vel
1716 2315 1917 2364 artificia

144 2403 379 2451 vocamUS,
414 2391 586 2452 quibus
617 2390 691 2440 vel
721 2392 955 2453 principes
989 2393 1258 2442 indicendo
1293 2395 1655 2457 gravissimique
1689 2396 1778 2444 viri
1814 2410 1918 2445 cum

145 2472 274 2519 nulla
306 2478 389 2519 aut
433 2486 582 2532 parva
626 2467 917 2521 audientium
959 2474 1217 2522 offensione
1263 2477 1536 2523 utebantur.
1614 2476 1751 2523 Hanc
1793 2479 1918 2525 enim

144 2550 234 2598 sibi
265 2552 465 2612 quisque
502 2567 733 2601 summam
765 2553 917 2614 legem
950 2556 1293 2615 praescriptam
1325 2569 1426 2604 esse
1458 2556 1673 2617 putabat,
1708 2560 1762 2605 ut
1783 2557 1914 2617 nihil,

140 2646 234 2693 quo
267 2631 461 2681 inferior
495 2648 643 2682 causa
673 2622 898 2696 superior
922 2636 1025 2684 fieri
1056 2641 1245 2697 posset,
1274 2638 1693 2697 praetermitteret.
1755 2638 1915 2698 Atque

140 2712 250 2762 hinc
279 2712 403 2761 haud
438 2715 534 2762 scio
565 2729 626 2763 an
658 2715 837 2765 factum
872 2717 947 2778 sit,
986 2722 1036 2765 ut
1066 2721 1161 2765 tam
1191 2717 1350 2778 inique
1385 2718 1441 2766 de
1468 2717 1691 2767 Cicerone
1724 2721 1914 2767 oratore

141 2794 227 2843 Th.
259 2795 591 2844 Mommsenius
624 2797 810 2845 iudicet.
886 2799 934 2846 Is
969 2799 1090 2845 enim
1135 2799 1378 2858 censet1)‚
1420 2799 1652 2858 quidquid
1686 2800 1735 2846 in
1768 2800 1913 2859 curia,

138 2875 187 2922 in
232 2876 480 2936 concione,
525 2876 573 2923 in
620 2877 721 2925 foro
767 2879 965 2938 dixerit,
1017 2893 1075 2926 ex
1123 2879 1312 2938 proprio
1359 2893 1445 2926 suo
1494 2879 1667 2927 iudicio
1713 2885 1762 2927 et
1805 2894 1910 2927 culn

243 3049 285 3094 1)
313 3046 429 3087 Rom.
462 3046 607 3087 Gesch.
638 3047 708 3100 Ill,
738 3061 778 3100 p.
808 3049 896 3090 599.
930 3050 983 3089 II.
1011 3049 1109 3089 edit.

1516 3140 1532 3149 .
1581 3144 1600 3186 1
1619 3142 1641 3165 ,3
