2063 3494
1001 153 1068 203 14

143 311 246 359 eius
276 310 346 358 rei
378 309 625 370 permultav
649 310 779 371 apud
813 313 1042 360 maximos
1083 315 1300 360 oratores
1344 313 1674 377 inveniuntur,
1720 329 1921 378 quorum

141 391 372 439 nonnulla
405 390 549 451 paulo
580 390 705 439 infra
738 391 1017 441 afferentur.
1085 392 1182 442 Sed
1214 392 1399 453 antiqui
1430 384 1670 457 rho-tores,
1702 396 1918 458 inprimis

139 473 458 533 posteriorum
491 476 780 532 temporum,
813 472 940 520 haud
972 488 1083 522 raro
1110 474 1159 521 in
1194 472 1423 522 maximas
1454 475 1657 535 ineptias
1690 477 1917 525 incidunt.

265 552 393 601 Illud
432 556 592 601 autem
637 553 796 613 priore
827 553 930 602 loco
975 554 1312 614 reprehensum
1344 555 1626 621 (μέμψαιτο
1659 557 1770 618 etc.)
1812 571 1920 605 ora-

139 633 315 680 tionem
347 633 529 680 exordii
562 633 930 693 splendidiorem
963 634 1370 694 grandioremque,
1403 647 1546 694 quam
1578 633 1718 683 huius
1741 640 1917 684 natura

135 713 376 775 patiatur,
421 713 621 774 ideoque
651 714 968 774 perorationis
1013 714 1283 762 similiorem
1325 728 1428 762 esse
1462 713 1712 775 significat.
1778 715 1916 772 Quod

138 793 287 840 solam
319 793 382 840 ad
422 794 625 853 primam
669 793 976 853 sententiam,
1020 794 1097 841 vel
1142 795 1302 854 potius
1347 794 1409 841 ad
1445 808 1589 842 unum
1635 794 1917 843 vocabulum

136 872 497 933 »παράταξιν«,
540 872 785 921 refe-ndum
831 886 961 932 esse,
1006 873 1254 934 probabile
1298 873 1353 922 fit
1381 873 1475 935 hiS,
1522 887 1646 934 quae
1690 888 1720 922 a
1752 878 1916 924 vetere

135 957 418 1001 enarratore
460 954 692 1001 adnotata
736 958 873 1000 sunt:
931 953 1101 1000 »δοκεῖ
1141 953 1199 1000 δὲ
1247 953 1599 1015 τραγικώτερον
1638 956 1917 1016 κεχρῆσθαι

133 1033 291 1089 εὐθύς
325 1035 380 1081 ἐν
411 1034 541 1097 ἀρχῇ
573 1036 636 1096 τῇ
668 1036 974 1097 μεταφορᾷ«.
1051 1033 1271 1083 Tradunt
1301 1035 1425 1083 enim
1459 1034 1679 1084 rhetores
1713 1035 1913 1097 antiqui,

135 1115 359 1162 vitiosum
394 1128 501 1163 esse
535 1114 802 1174 exordium,
842 1115 883 1162 si
914 1114 1093 1162 habeat
1127 1115 1406 1163 inusitatam
1436 1115 1688 1163 verborum
1722 1129 1915 1164 consue-

132 1194 346 1251 tudinem
392 1199 443 1242 et
485 1195 764 1242 audaciores
804 1194 1169 1254 translationes,
1217 1194 1391 1255 quibus
1437 1195 1660 1254 splendor
1705 1196 1913 1243 orationi

131 1274 378 1322 aileratur.
443 1274 517 1321 Ex
541 1287 634 1333 quo
662 1274 975 1334 suspicionem
1006 1274 1247 1334 quandam
1270 1275 1598 1334 apparationis
1625 1278 1770 1335 atque
1792 1276 1911 1323 arti-

129 1354 318 1404 ficiosae
352 1354 630 1415 diligentiae
662 1354 817 1414 nasci,
862 1368 981 1415 quae
1026 1354 1224 1402 maxime
1271 1355 1477 1403 orationi
1520 1354 1685 1416 fidem,
1729 1355 1910 1404 oratori

128 1436 311 1483 adimat
359 1436 697 1490 auctoritatem
720 1435 772 1495 ¹).
864 1435 1012 1495 Atqui
1066 1435 1348 1483 vocabulum
1420 1435 1721 1496 παράταξις,
1786 1436 1910 1497 quod

130 1517 324 1576 proprie
355 1516 591 1563 exercitus
625 1517 771 1563 aciem
806 1515 1065 1575 significat,
1111 1515 1199 1563 hoc
1243 1515 1343 1563 loco
1375 1516 1601 1564 audacius
1634 1522 1708 1564 est
1752 1520 1909 1564 trans-

130 1596 296 1643 latum.
364 1595 456 1644 Sed
489 1595 720 1642 nonnulla
748 1600 873 1654 sunt,
907 1608 1031 1655 quae
1055 1595 1239 1655 possint
1263 1596 1488 1643 excusari.
1556 1596 1677 1644 Nam
1705 1597 1906 1656 primum

127 1677 318 1736 quidem
359 1679 463 1722 tota
515 1676 639 1722 ratio
694 1675 982 1734 litigantium
1027 1688 1057 1720 a
1102 1674 1298 1723 Graecis
1346 1676 1611 1723 hominibus
1661 1681 1905 1735 tamquam

125 1770 289 1817 pugna
322 1756 481 1803 animo
515 1754 785 1815 effingitur,
822 1758 871 1802 et
902 1768 1074 1814 magna
1108 1755 1242 1814 copia
1272 1755 1523 1803 verborum
1557 1755 1619 1803 ad
1656 1770 1824 1805 causas
1858 1760 1907 1804 et

124 1837 301 1885 iudicia
331 1836 648 1896 spectantium
681 1850 710 1883 a
740 1835 863 1883 bello
897 1839 945 1883 et
978 1835 1156 1895 proelio
1186 1835 1327 1884 ducta
1350 1840 1437 1884 est.
1501 1836 1699 1896 Deinde,
1732 1840 1785 1884 ut
1807 1838 1902 1885 vim

124 1923 174 1965 et
205 1915 580 1975 magnitudinem
613 1929 787 1964 causae
820 1915 1059 1975 illustret,
1113 1916 1332 1963 consulto
1365 1916 1622 1964 Aeschines
1655 1916 1905 1977 significat,

123 2002 290 2046 tantos
323 1996 707 2044 adversariorum
738 2000 1000 2056 apparatus
1034 1999 1286 2056 tantasque
1321 1997 1649 2044 contentiones
1677 1998 1739 2045 ad
1772 2011 1904 2044 ever-

123 2078 317 2125 tendam
353 2077 700 2123 accusationem
734 2075 861 2135 fieri,
910 2079 965 2122 ut
1004 2080 1246 2135 tamquam
1281 2081 1450 2123 contra
1480 2077 1687 2124 hostium
1720 2077 1902 2124 firmam

125 2158 274 2207 aciem
307 2155 619 2218 pugnandum
652 2155 886 2204 videatur.
961 2155 1082 2203 Tum
1125 2156 1277 2204 omnis
1321 2155 1404 2204 illa
1450 2156 1685 2205 sententia
1716 2171 1810 2206 non
1842 2157 1902 2206 ab

119 2239 355 2286 Aeschine
385 2237 539 2298 primo
572 2237 767 2283 inventa
800 2240 850 2283 et
882 2237 1132 2284 enuntiata
1166 2240 1252 2297 est,
1290 2236 1374 2284 sed
1408 2237 1457 2283 in
1490 2236 1692 2285 aliorum
1722 2239 1898 2286 oratio·

119 2321 261 2368 nibus
308 2318 385 2366 vel
419 2318 634 2377 longiore
677 2316 753 2364 vel
798 2317 1011 2364 breviore
1055 2317 1280 2376 temporis
1329 2317 1579 2366 intervallo
1624 2323 1737 2365 ante
1779 2318 1898 2366 hanc

118 2399 299 2447 habitis
347 2398 533 2457 legitur.
609 2397 750 2444 Velut
795 2397 1009 2444 similiter
1041 2397 1209 2457 Lysias
1255 2397 1305 2443 in
1348 2397 1539 2444 exordio
1580 2397 1805 2445 orationis
1839 2398 1898 2446 de

118 2479 252 2527 bonis
285 2478 643 2537 Aristophanis:
700 2477 840 2538 »Τήν
879 2480 973 2536 μὲν
1008 2469 1098 2522 οὖν
1135 2476 1458 2538 παρασκευὴν
1490 2477 1572 2522 καὶ
1606 2480 1902 2537 προθυμίαν

116 2562 218 2606 τῶν
251 2560 449 2618 ἐχθρῶν
483 2558 692 2619 ὁρᾶτε«;
726 2557 990 2605 Andocides
1014 2557 1071 2604 de
1100 2562 1263 2617 myst.:
1301 2557 1440 2618 »Τήν
1460 2560 1554 2617 μὲν
1577 2558 1900 2621 παρασκευήν

114 2642 200 2689 καὶ
234 2640 325 2704 τήν
368 2641 663 2701 προθυμίαν
711 2640 810 2684 τῶν
842 2639 1040 2699 ἐχθρῶν
1072 2639 1170 2684 τῶν
1215 2638 1349 2698 ἐμῶν
1386 2635 1571 2697 σχεδόν
1614 2655 1661 2685 τι
1710 2638 1900 2694 πάντες

117 2723 467 2780 §refutandam
515 2718 860 2766 Demosthenes
902 2718 959 2765 de
1002 2718 1107 2765 fals
1156 2718 1273 2778 leg.:
1309 2716 1433 2779 Ὅση
1477 2722 1571 2779 μὲν
1606 2746 1662 2753 -
1697 2720 1898 2782 σπουδή

115 2803 232 2863 περὶ
265 2801 460 2848 τουτονὶ
490 2799 580 2846 τὸν
614 2799 784 2859 α’γῶνα
827 2798 909 2844 καὶ
950 2798 1255 2859 παραγγελία
1293 2805 1479 2858 γέγονε,
1530 2799 1713 2858 σχεδὸν
1746 2793 1897 2861 ,οἶμαι

115 2883 313 2937 πάντας
359 2882 489 2943 ὑμᾶς
530 2880 804 2943 ᾐσθῆσθαι
846 2883 964 2927 etc.«
984 2878 1051 2940 ²).
1125 2878 1189 2926 Hi
1233 2878 1423 2938 quidem
1462 2893 1623 2927 omnes
1666 2880 1756 2929 loci
1800 2895 1893 2928 non

221 3010 262 3056 1)
292 3006 376 3047 Cic.
408 3006 459 3047 de
489 3006 567 3047 inv.
597 3006 629 3055 I,
660 3007 718 3058 18,
748 3004 809 3046 26.

220 3075 264 3121 2)
292 3072 390 3112 Alia
419 3072 609 3122 exempla
636 3071 728 3111 vide
756 3072 819 3112 in:
850 3071 962 3111 Orat.
992 3069 1077 3110 Att.
1105 3068 1169 3111 ed,
1199 3069 1389 3119 Dobson,
1420 3069 1535 3109 Tom.
1566 3068 1647 3108 XII
1675 3081 1716 3120 p.
1748 3072 1822 3111 162
1850 3075 1892 3112 et

112 3137 266 3179 Aesch.
298 3148 409 3187 oper.
441 3136 503 3177 ed.
538 3137 684 3187 Bremi,
719 3137 834 3176 Tom.
864 3136 914 3186 Il,
944 3149 983 3187 p,
1014 3137 1049 3173 5.
