2063 3494
991 137 1076 188 64·

140 297 288 359 enim,
338 297 511 359 quibus
559 309 725 344 eorum
773 300 957 345 mentes
1002 296 1063 345 ad
1113 296 1338 344 virtutem
1385 294 1667 344 conformari
1713 295 1913 357 possint,

138 379 518 427 renuntiationes
552 391 657 425 esse
685 379 1002 438 praemiorum
1035 377 1358 438 publicorum3
1393 390 1515 437 quae
1547 378 1586 424 si
1620 379 1670 425 in
1702 377 1912 425 homines

140 459 359 520 indignos
391 457 722 518 conferantur,
763 457 869 507 illos
904 458 1216 519 depravatum
1257 471 1315 505 ac
1347 457 1582 506 vinculum
1619 457 1914 506 obedientiae

141 543 190 588 et
221 538 419 600 pietatis
450 537 690 586 sublatum
721 538 794 586 iri.
858 538 982 586 Huic
1009 538 1113 586 loco
1137 537 1403 586 simillimus
1425 524 1604 598 legitur
1629 537 1677 585 in
1701 538 1910 586 eiusdem

141 620 359 686 oratione
392 622 560 666 contra
595 617 894 665 Timarchum
920 619 973 678 ¹).
1051 618 1266 678 Denique
1299 617 1424 678 apud
1468 620 1691 665 externos
1730 617 1916 664 civitati

141 713 241 748 rem
273 703 473 759 propter
504 698 840 747 Demosthenis
884 697 1133 746 mollitiam
1179 697 1395 747 dedecori
1438 697 1553 746 fore.
1633 696 1798 756 Qualis
1841 697 1916 745 hic

143 779 231 839 sit,
265 778 409 826 talem
440 777 570 826 illam
602 778 865 826 iudicatum
903 778 963 825 iri
987 778 1035 839 (ξ
1055 778 1180 838 247).
1244 778 1394 826 Huius
1427 792 1614 839 quoque
1650 778 1916 826 sententiae

144 874 376 907 summam
409 860 456 905 in
492 858 518 918 ξ
552 862 637 905 231
678 860 873 917 gravius
904 860 1213 918 acerbiusque
1245 863 1560 918 expresserat·

269 940 373 988 Iam
407 939 562 987 denuo
597 938 656 986 de
689 938 912 987 libertate
942 938 1148 986 civitatis
1178 939 1395 987 timorem
1420 939 1609 987 iniicere
1628 937 1741 998 vult,
1775 950 1919 998 quum

143 1021 348 1080 explicat
382 1020 428 1080 (ᾖ
464 1019 762 1079 248-251),
796 1033 895 1067 rem
927 1033 983 1067 eo
1019 1019 1270 1067 deductam
1302 1033 1428 1079 esse,
1469 1024 1526 1066 ut
1554 1019 1798 1079 imperium
1827 1018 1917 1065 rei·

144 1100 361 1161 publicae
394 1099 487 1146 iam
522 1112 616 1146 non
651 1112 795 1163 penes
838 1098 1083 1159 populum,
1126 1099 1207 1146 sed
1249 1112 1393 1160 penes
1438 1099 1666 1159 quosdam
1708 1098 1919 1146 homines

145 1181 360 1242 privatos
396 1192 500 1226 esse
534 1178 789 1227 videretur.
856 1179 911 1226 In
958 1192 1051 1239 qua
1094 1192 1147 1226 re
1192 1178 1497 1227 describenda
1540 1178 1656 1226 nihil
1687 1178 1918 1238 acerbiuS,

147 1260 278 1320 nihil,
310 1259 436 1321 quod
459 1260 612 1320 magis
644 1259 707 1308 ad
736 1258 998 1308 flectendas
1030 1263 1216 1307 mentes
1252 1273 1537 1320 sensumque
1570 1259 1766 1320 pudoris
1798 1258 1921 1307 exci—

147 1342 341 1389 tandum
366 1340 560 1408 valeret,
596 1340 688 1387 dici
709 1344 915 1400 poterat,
952 1353 1094 1399 quam
1130 1354 1250 1400 quae
1280 1341 1330 1387 in
1366 1340 1392 1401 ξ
1426 1343 1511 1388 251
1547 1340 1674 1387 dicta
1705 1339 1937 1399 legimus„

276 1420 410 1480 Tum,
441 1425 495 1467 ut
526 1432 749 1479 magnam
783 1419 831 1466 in
859 1419 1119 1467 minoribus
1150 1419 1422 1468 criminibus
1442 1419 1717 1468 'iudicandis
1750 1419 1922 1467 severi-

153 1505 303 1549 tatem
324 1500 527 1548 iudicum
547 1498 783 1560 ostendat,
816 1503 981 1546 orator
1004 1499 1131 1546 illam
1157 1500 1400 1547 Leocratis
1419 1512 1608 1547 causam
1632 1499 1922 1560 similemque

149 1582 290 1630 aliam
323 1580 465 1628 affert
499 1583 548 1627 et
583 1584 842 1640 comparat,
877 1585 1056 1639 quanto
1088 1581 1239 1640 magis
1262 1580 1617 1633 Demosthenes,
1649 1580 1747 1641 qui,
1776 1594 1921 1641 quum

150 1662 215 1711 sit
246 1661 451 1709 omnium
487 1659 720 1707 malorum
754 1664 923 1708 auctor
951 1660 1405 1721 ignavissimumque
1435 1660 1670 1709 hominem
1707 1674 1758 1709 se
1786 1674 1922 1722 prae-

153 1742 357 1801 stiterit,
401 1754 574 1788 corona
609 1739 824 1788 decorari
856 1740 989 1809 Velit,
1035 1754 1189 1801 poena
1224 1741 1396 1801 dignus
1431 1741 1508 1789 sit.
1573 1741 1728 1789 Tanta
1762 1746 1924 1789 autem

152 1823 199 1870 vi
244 1827 474 1880 tantaque
518 1820 817 1868 vehementia
862 1821 1068 1869 iudicum
1113 1822 1295 1870 animos
1333 1821 1628 1882 perfringere
1669 1822 1924 1882 contendit,

151 1907 207 1950 ut
237 1901 364 1949 haud
391 1900 526 1948 facile
546 1900 797 1961 quisquam
821 1901 899 1961 sit,
933 1901 1026 1961 qui,
1061 1915 1206 1961 quum
1236 1902 1382 1949 verba
1410 1900 1532 1962 ’,ριῗκ
1565 1901 1925 1969 ἀποπέμψετε·
1988 1955 2003 1961 ι

150 1980 533 2044 τιμωρήσεσθε“
546 1981 688 2041 legat,
714 1981 921 2028 oratoris
943 1995 1101 2030 vocem
1123 1996 1357 2042 magnam,
1386 1986 1674 2043 contentam,
1697 1995 1925 2030 summam

151 2064 274 2111 iram
338 2074 663 2122 summumque
731 2060 936 2109 furorem
1003 2062 1330 2123 anhelantem,
1395 2075 1488 2109 non
1556 2062 1644 2110 sibi
1705 2063 1925 2111 videatur

151 2143 334 2191 audire.

277 2223 459 2269 Rursus
490 2221 553 2267 ad
587 2224 820 2268 terrorem
848 2224 1080 2280 spectant,
1113 2233 1235 2280 quae
1253 2235 1394 2281 porro
1418 2227 1679 2282 sequuntur
1701 2224 1747 2270 in
1772 2223 1921 2285 §254

152 2301 240 2350 His
274 2301 396 2349 enim
432 2300 686 2348 Aeschines
718 2300 955 2361 proponit,
989 2300 1028 2348 si
1051 2300 1329 2349 absolvatur
1344 2300 1601 2363 Ctesiphon
1629 2303 1927 2365 accipiatque

153 2382 499 2430 Demosthenes
546 2381 794 2438 coronam,
835 2381 1075 2428 civitatem
1109 2382 1503 2442 Amphictyonum
1544 2383 1737 2431 concilio
1776 2398 1927 2443 paene

153 2475 319 2523 pacem
353 2461 554 2510 violasse
587 2461 736 2510 visum
772 2460 846 2509 iri.
912 2460 1049 2510 Hanc
1082 2461 1270 2521 quidem
1304 2462 1561 2523 rationem,
1595 2476 1715 2524 quae
1746 2477 1833 2523 per
1875 2478 1927 2513 se

153 2542 346 2589 maximi
380 2541 604 2588 momenti
636 2544 724 2601 est,
756 2540 926 2587 leviter
958 2544 1147 2587 tantum
1177 2546 1320 2601 atque
1352 2542 1403 2588 in
1432 2542 1637 2589 transitu
1670 2544 1846 2605 attigit,
1879 2545 1927 2592 id

154 2621 283 2682 quod
313 2622 469 2681 prima
503 2621 658 2680 specie
689 2634 744 2667 eo
778 2621 931 2679 magis
964 2635 1049 2668 nos
1081 2622 1246 2668 mirari
1269 2636 1469 2682 aequum
1495 2627 1582 2683 est,
1614 2637 1709 2683 quo
1732 2624 1927 2672 uberius

158 2701 473 2762 subtiliusque
498 2705 572 2749 tot
590 2700 716 2747 aliae
738 2700 962 2760 rationeS‚
997 2713 1117 2760 quae
1146 2701 1293 2749 multo
1324 2702 1526 2752 leviores
1562 2717 1668 2752 esse
1691 2704 1927 2765 videntur,

155 2787 395 2830 tractatae
430 2787 555 2830 sunt.
638 2780 792 2838 Quam
837 2780 896 2827 ob
941 2794 1131 2828 causam
1173 2796 1265 2829 non
1300 2787 1466 2843 aperte
1497 2783 1749 2832 denuntiat
1783 2799 1929 2844 grave
1961 2795 1967 2798 ’

155 2864 331 2912 bellum
368 2862 804 2924 Amphictyonum?
849 2860 946 2910 Cur
983 2875 1078 2910 non
1115 2862 1162 2910 in
1196 2862 1404 2912 iudicum
1437 2865 1708 2914 memoriam
1743 2865 1930 2915 reducit

154 2946 464 2992 miserrimam
504 2944 747 2991 fortunam
790 2942 1103 2990 Phocensium
1147 2949 1231 2991 aut
1273 2945 1642 2993 Thebanorum?
1697 2946 1796 2994 Cur
1835 2961 1930 2995 non

263 3121 302 3167 1)
333 3117 355 3169 g
387 3119 460 3158 185
493 3114 628 3157 -187s
