2063 3494
946 96 1012 149 7‘1

15 276 17 278 ·
94 274 145 320 et
175 268 236 320 ab
269 265 428 324 aliquo
461 257 772 320 grammatico
800 259 886 305 aut
904 255 1098 305 rhetore
1113 252 1382 313 conscripta
1406 255 1534 314 sunt,
1566 253 1682 302 haec
1709 254 1854 304 verba

94 351 173 400 ad.
205 345 401 397 tertIum
456 336 828 390 confirmationis
880 334 1035 403 locum
1090 332 1357 395 spectantia
1415 332 1662 394 leguntur:
1724 334 1854 395 „Kal

92 431 240 477 τοῦτο
280 422 349 478 εἰς
390 421 448 468 τὸ
479 416 775 479 παράνομον
813 415 1099 461 ἄνακτέον“.
1175 413 1326 472 Atqui
1356 416 1510 460 restat
1541 426 1632 460 vox
1663 413 1855 473 ,,α’σύμ-

96 480 272 569 φρραῆί.
333 503 405 550 Ex
438 514 534 560 qua
566 495 840 555 concludaS,
871 509 1018 544 unum
1047 497 1176 543 certe
1208 493 1361 543 locum
1393 496 1598 554 restare,
1631 492 1693 543 ad
1724 508 1854 543 eum·

93 599 188 649 que
219 583 444 633 maiorem
470 578 758 627 minoremve
791 576 977 635 partem
1008 586 1196 635 eorum,
1234 586 1360 634 quae
1389 575 1500 634 post
1539 572 1566 635 ἓ
1603 575 1691 620 176
1724 573 1855 622 dicta

93 669 219 725 sunt,
251 660 550 711 referendam
578 669 697 704 esse.
762 654 857 702 Sed
888 654 1090 713 primum
1120 653 1226 713 plus
1258 653 1400 713 valet,
1440 653 1565 713 quod
1593 653 1850 702 Aeschines

92 746 206 806 post
237 739 636 791 confirmationem
666 734 728 782 de
763 733 866 781 eius
898 731 1113 793 partibus
1149 731 1276 780 dicit.
1340 732 1520 780 Deinde
1547 733 1596 781 in
1626 733 1698 794 iis,
1730 746 1852 793 quae

95 824 317 873 universa
340 817 513 881 epilogi
531 828 636 865 esse
658 812 983 872 iudicavimUS,
1005 810 1215 860 nonnulli
1232 810 1419 871 quidem
1430 811 1519 860 loci
1534 813 1850 874 inveniuntur,

93 904 177 965 qui
206 902 269 951 ad
299 895 654 960 ,,οἷσύμφορον“
686 893 929 955 pertinere
961 892 1216 962 videantur
1236 896 1292 952 ¹).
1358 891 1547 953 Verum,
1579 907 1726 954 quum
1757 908 1851 943 non

92 985 322 1044 perpetua
353 977 569 1027 oratione
602 974 823 1033 deinceps
854 974 981 1020 inter
1017 985 1069 1020 se
1102 970 1356 1032 excipiant,
1401 971 1484 1019 sed
1516 973 1717 1021 seiuncti
1746 988 1853 1035 per·

93 1061 321 1120 mixtique
340 1057 446 1106 aliis
463 1057 573 1115 sint,
603 1053 794 1101 minime
828 1050 1199 1101 confirmationis
1226 1056 1415 1111 partem
1444 1050 1630 1100 efficere
1648 1054 1852 1113 putandi

94 1144 220 1188 sunt.
285 1137 522 1195 Quaerere
554 1139 724 1183 autem,
750 1131 881 1191 licet,
917 1144 1010 1191 qua
1040 1144 1180 1182 causa
1212 1131 1465 1179 Aeschines
1496 1135 1654 1180 motus
1686 1134 1765 1192 sit,
1799 1138 1854 1181 ut

91 1216 450 1279 ,,α’σύμφορον“
482 1215 532 1261 in
564 1211 916 1264 confirmatione
948 1225 1041 1258 non
1075 1215 1323 1258 tractaret.
1387 1210 1509 1258 Nam
1541 1212 1851 1261 accusationis

93 1296 243 1345 libelli
275 1294 430 1343 verbis
464 1306 560 1340 non
593 1290 871 1350 tenebatur,
914 1291 1000 1339 sed
1040 1290 1214 1338 licebat
1249 1290 1477 1338 orationis
1510 1290 1854 1340 confirmationi

91 1374 446 1437 ,,α’συ’μφορον“
481 1371 752 1431 adiungere.
819 1370 962 1419 Velut
982 1370 1328 1418 Demosthenes
1361 1371 1410 1417 in
1445 1370 1655 1419 oratione
1687 1375 1854 1419 contra

92 1455 449 1513 Aristocraten),
485 1466 627 1513 quam
658 1464 746 1512 pro
781 1450 1010 1511 Euthycle
1042 1449 1336 1510 conscripsit,
1370 1463 1465 1497 non
1494 1449 1631 1498 modo
1661 1451 1855 1512 ,μαρά-

91 1535 290 1595 νομονίί,
323 1533 406 1580 sed
440 1532 584 1580 etiam
617 1529 852 1591 ,,ἀ’δικον“
886 1536 936 1578 et
967 1528 1323 1591 ,,α’σύμφορον“
1359 1529 1676 1590 confirmavit,
1711 1545 1855 1591 quum

92 1613 167 1661 hic
199 1611 706 1660 tantum‘violatarum
736 1611 894 1670 legum
917 1610 1049 1658 illum
1073 1609 1390 1658 accusavisset
1407 1610 1471 1670 ²).
1534 1610 1689 1670 Atque
1723 1609 1855 1661 haud

91 1692 186 1741 scio
218 1704 281 1738 an
312 1694 568 1751 propterea
588 1690 842 1740 Aeschines
872 1688 1231 1751 ,,α’σύμφορον“
1261 1702 1291 1737 a
1322 1688 1676 1752 confirmatione
1699 1704 1852 1739 remo-

93 1772 215 1819 verit
247 1774 309 1831 et,
343 1771 505 1830 quoad
523 1771 625 1819 eius
658 1770 762 1818 fieri
795 1774 997 1830 poterat,
1026 1770 1077 1816 in
1108 1769 1343 1829 epilogum
1378 1771 1694 1831 transtulerit,
1727 1771 1852 1832 quod

91 1852 139 1899 in
166 1851 248 1899 illa
280 1851 556 1900 collocatum
578 1864 775 1911 parvam
807 1850 867 1898 ad
890 1849 1269 1910 persuadendum
1301 1849 1409 1910 vim,
1439 1850 1489 1898 in
1522 1849 1609 1900 hoc
1632 1865 1854 1912 magnam

90 1929 360 1979 habiturum
392 1943 496 1978 esse
526 1929 778 1978 videretur.
842 1929 933 1977 Hic
962 1929 1084 1976 enim
1119 1928 1320 1976 facultas
1345 1929 1460 1977 data
1481 1934 1600 1991 erat,
1633 1930 1854 1981 liberiore

92 2011 294 2071 quadam
334 2010 527 2058 licentia
562 2024 671 2058 eum
713 2010 864 2057 locum
905 2009 1143 2057 tractandi
1182 2014 1231 2057 et
1276 2023 1383 2058 cum
1415 2010 1575 2059 multis
1616 2025 1673 2061 ac
1705 2013 1853 2063 variis

91 2090 231 2139 rebus
269 2089 613 2150 confundendi,
658 2102 688 2137 a
733 2089 903 2150 quibus
937 2087 1309 2138 confirmationis
1354 2093 1529 2138 natura
1560 2090 1853 2142 abhorreret.

93 2170 183 2219 Hic
215 2174 321 2218 erat
352 2170 556 2218 maxima
589 2183 696 2230 spes
728 2169 986 2231 proposita,
1022 2169 1446 2218 vehementioribus
1478 2172 1620 2219 animi
1650 2173 1854 2221 concita·

57 2240 59 2242 ’
90 2250 298 2299 tionibus
340 2250 594 2310 permotis,
642 2249 701 2298 ad
751 2262 920 2298 sensus
965 2249 1172 2298 iudicum
1211 2251 1506 2310 penetrandi.
1579 2252 1732 2312 Igitur
1764 2267 1852 2302 vox

85 2328 419 2390 ,,α’σύμφορα“
452 2342 548 2376 non
581 2329 638 2377 de
671 2328 1025 2377 confirmatione
1058 2329 1366 2389 intelligenda
1398 2334 1484 2378 est.

14 2469 19 2474 ᾗ
214 2407 432 2457 Ceterum
467 2409 584 2457 haec
615 2408 830 2470 quaestio
859 2407 1082 2457 cohaeret
1111 2422 1219 2457 cum
1240 2409 1392 2458 altera
1414 2409 1473 2459 de
1496 2415 1613 2471 arte,
1652 2425 1852 2472 quacum

65 2489 240 2552 ‘totius
292 2490 517 2538 orationis
565 2489 810 2551 dispositio
855 2489 1076 2539 instituta
1129 2490 1207 2539 sit.
1286 2490 1393 2550 Qua
1441 2491 1500 2540 de
1551 2504 1603 2540 re
1651 2493 1720 2541 sic
1762 2507 1850 2554 ego

86 2570 266 2631 iudic0‚
308 2575 363 2618 ut
393 2570 761 2619 Demosthenem
793 2584 871 2618 res
907 2583 963 2618 ac
996 2570 1123 2619 locos
1164 2585 1277 2619 suae
1310 2572 1538 2620 orationis
1567 2575 1852 2633 ,,τεχνικῶς“

90 2650 164 2699 vel
194 2651 586 2711 ,,στρατηγικῶς“
629 2650 874 2699 ordinasse
908 2650 1122 2700 rhetores
1155 2651 1512 2713 praedicant³),
1560 2654 1628 2702 ita
1660 2655 1852 2704 Aeschi-

87 2743 194 2777 nem
227 2730 393 2777 eadem
423 2730 522 2777 fere
554 2730 697 2779 laude
736 2731 933 2791 dignum
977 2745 1093 2779 esse.
1165 2732 1256 2779 Est
1295 2737 1451 2782 autem
1484 2734 1531 2781 in
1565 2735 1850 2785 collocandis

88 2811 383 2871 argumentis
431 2824 615 2871 semper
647 2811 764 2858 illud
804 2812 1175 2876 observandum,
1219 2816 1275 2861 ut
1317 2817 1366 2861 et
1405 2814 1557 2874 primo
1596 2820 1645 2863 et
1686 2817 1850 2865 ultimo

202 3005 239 3054 1)
268 3002 428 3043 Schaef.
458 3002 534 3049 111,
564 3003 653 3050 231,
681 3007 762 3042 not.
793 3006 827 3044 1.
907 3005 951 3056 2)
979 3005 1030 3046 cf.
1062 3004 1223 3047 Schaef.
1251 3005 1283 3058 1,
1311 3005 1401 3056 382,
1432 3006 1522 3059 384,
1552 3007 1642 3049 389.

189 3070 229 3119 3)
262 3069 312 3109 cf.
342 3074 556 3119 utramque
584 3065 784 3107 ὑπόθεσιν.
