2063 3494
1011 107 1075 159 15

158 269 336 318 habent
376 268 652 318 vocabulum
700 269 1060 330 »παράταξις«,
1119 267 1198 315 sed
1249 266 1391 313 huius
1442 277 1628 325 quoque
1675 265 1925 315 translatio

157 349 522 399 Atheniensibus
556 364 647 399 non
678 350 898 399 inaudita
929 349 1074 398 fuisse
1104 347 1304 406 videtur,
1336 360 1482 407 quum
1517 346 1671 394 oratio
1696 346 1921 395 aPhilino

157 435 324 478 contra
356 429 624 492 Lycurgum
657 430 845 491 habita,
888 430 1023 478 cuius
1066 428 1347 488 principium
1390 441 1420 475 a
1452 426 1692 474 Clemente
1722 426 1927 474 Alexan·

157 511 295 558 drino
317 511 362 571 Ι)
417 516 656 559 servatum
700 514 794 570 est,
850 509 1051 557 eandem
1100 508 1341 568 praebeat.
1417 508 1548 556 Haec
1599 512 1756 555 autem
1814 511 1927 555 sunt

160 590 322 638 verba:
354 588 477 653 Ὅση
509 594 605 652 μὲν
634 617 694 624 -
728 588 931 650 σπουδή
969 588 1052 634 καὶ
1093 586 1373 649 παράταξις
1410 593 1659 649 γεγένηται
1690 587 1806 649 περὶ
1840 586 1930 633 τόν

158 671 324 730 ἀγῶνα
364 675 579 731 τουτονί,
627 669 731 718 οὐδ’
763 670 851 716 ἕνα
891 668 1033 729 ὑμῶν
1072 668 1270 729 ἀγνοεῖν
1303 669 1555 731 ήγοῦμακ.
1623 668 1753 724 Quae
1799 671 1927 715 cert-e

156 751 411 800 verisimile
444 754 518 798 est
549 749 611 797 ad
644 750 773 797 illam
810 749 1072 796 orationem
1102 747 1350 795 referenda
1386 761 1489 795 esse
1505 746 1571 809 ²).
1635 748 1735 795 Nec
1770 748 1926 794 minus

154 830 408 879 verisimile
450 833 550 888 est,
604 842 707 876 eam
750 828 914 888 priore
946 841 1087 888 quarn
1137 827 1257 875 hanc
1299 830 1510 887 tempore
1553 827 1765 875 habitam
1808 841 1926 876 esse.

160 910 294 959 Illius
327 910 476 970 igitur
510 909 636 956 vocis
668 908 942 968 translatio,
989 908 1099 969 quia
1134 921 1228 955 non
1268 907 1410 968 plane
1449 920 1573 956 nova
1615 911 1665 955 et
1710 908 1929 955 inaudita

158 995 288 1050 erat,
334 990 487 1037 minus
521 988 677 1036 audax
710 1003 818 1051 esse
845 989 1047 1037 videtur·
1093 989 1204 1049 quin
1251 989 1396 1036 etiam
1441 989 1567 1036 haud
1612 989 1709 1037 scio
1743 1002 1804 1035 an
1835 988 1929 1036 fre-

156 1070 403 1130 quentiore
434 1083 524 1117 usu
555 1069 625 1116 ita
659 1070 776 1116 trita
807 1068 975 1128 fuerit,
1016 1072 1072 1116 ut
1103 1068 1418 1126 Athenienses
1453 1068 1570 1116 nihil
1608 1069 1656 1116 in
1691 1082 1747 1116 ea
1783 1067 1929 1115 offen-

157 1150 338 1197 derent.
405 1148 538 1207 Quod
575 1148 631 1196 de
668 1162 779 1196 voce
812 1146 1162 1210 »παρασκευή«
1197 1148 1375 1196 factum
1410 1161 1516 1196 esse
1537 1152 1754 1209 apparet,
1792 1161 1926 1208 quae,

156 1243 300 1290 quum
328 1229 519 1289 proprie
549 1233 832 1289 apparatum
865 1229 1082 1276 bellicum
1117 1228 1420 1288 significaret,
1455 1230 1503 1276 in
1537 1229 1927 1276 consuetudinem

157 1309 433 1357 iudiciorum
467 1309 559 1356 iam
591 1309 770 1369 pridem
803 1313 910 1356 erat
942 1308 1150 1357 inducta.

280 1389 506 1437 Fortasse
551 1392 707 1436 autem
754 1389 859 1437 ideo
903 1388 1071 1450 aliquis
1112 1387 1386 1436 Aeschinem
1429 1387 1692 1449 vituperet,
1736 1388 1863 1449 quod
1896 1402 1926 1436 a

157 1469 393 1516 sententia
433 1474 532 1516 tam
573 1470 691 1516 trita
732 1483 904 1529 eaque,
948 1483 1043 1528 qua
1083 1470 1248 1516 eadem
1293 1468 1595 1516 adversarius
1635 1470 1707 1516 uti
1750 1476 1927 1529 posset,

158 1562 352 1596 exorsus
386 1549 463 1596 sit.
536 1548 727 1596 Etenim
770 1548 986 1596 rhetores
1017 1548 1339 1608 praecipiunt,
1384 1562 1443 1595 ne
1479 1548 1672 1608 vulgare
1697 1550 1760 1597 sit
1792 1563 1927 1597 exor-

158 1628 299 1686 dium,
330 1628 360 1675 i.
394 1641 433 1675 e.
465 1641 525 1675 ne
555 1629 605 1675 in
633 1629 793 1688 plures
824 1641 990 1676 causas
1009 1627 1304 1675 accomodari
1326 1628 1495 1688 possit,
1528 1641 1645 1675 neve
1668 1642 1927 1689 commune,

156 1708 186 1756 i.
221 1722 261 1755 e.
292 1722 350 1755 ne
383 1708 525 1756 etiam
558 1708 607 1755 in
631 1708 919 1755 contrariam
950 1710 1136 1768 partem
1161 1720 1331 1755 causae
1353 1708 1619 1756 conveniat.
1687 1708 1780 1757 Sed
1803 1709 1929 1757 anti-

157 1802 278 1848 quos
320 1793 535 1836 oratores
581 1789 769 1836 omnino
812 1788 1113 1836 consuevisse
1160 1787 1384 1835 nonnulla
1425 1787 1628 1836 alterum
1669 1788 1731 1836 ab
1772 1788 1927 1837 altero

159 1882 344 1916 sumere
377 1871 426 1916 et
458 1868 595 1927 quasi
628 1868 862 1929 mutuari,
906 1872 955 1915 et
989 1882 1047 1915 ex
1079 1868 1194 1928 ipsis
1237 1867 1294 1914 iis
1329 1867 1577 1928 exempliS,
1620 1881 1742 1928 quae
1784 1869 1926 1917 modo

155 1948 419 2008 attulimus,
461 1948 628 2006 elucet,
672 1952 723 1996 et
753 1948 1040 1996 auctoritate
1089 1947 1299 2007 Dionysii
1332 1947 1769 2000 Halicarnassensis
1812 1963 1925 1997 con-

158 2027 391 2075 firmatur.
465 2027 522 2075 Id
578 2027 702 2087 quod
745 2027 808 2075 ad
850 2041 1026 2075 morem
1077 2027 1125 2074 in
1169 2027 1340 2075 scholis
1396 2026 1641 2076 rhetorum
1682 2034 1927 2089 receptum

155 2108 590 2169 praestantissimos
631 2108 760 2157 locos
803 2108 1171 2169 prooemiorum,
1223 2108 1541 2169 epilogorum,
1584 2110 1928 2159 sententiarum

154 2188 492 2249 communium,
523 2188 778 2236 memoriae
806 2188 1065 2236 mandandi
1095 2187 1389 2237 referendum
1424 2193 1513 2237 est.

280 2270 465 2328 Restat,
498 2273 551 2316 ut
583 2283 1013 2327 commemoremuS,
1049 2269 1162 2329 quid
1197 2274 1391 2317 nostrae
1426 2271 1600 2317 aetatis
1635 2270 1709 2316 vir
1742 2271 1927 2329 doctuS,

157 2349 207 2398 C.
238 2349 292 2396 F.
327 2349 618 2396 Matthaeius
641 2347 717 2410 ³),
760 2349 817 2396 de
864 2350 910 2397 vi
953 2363 1009 2397 ac
1056 2353 1233 2396 natura
1278 2349 1413 2397 huius
1457 2350 1637 2397 exordii
1672 2351 1926 2399 censuerit.

154 2429 202 2477 Is
234 2428 443 2477 defendit
477 2428 666 2488 quidem
690 2428 971 2477 Aeschinem
989 2432 1158 2477 contra
1193 2430 1412 2489 antiquos
1435 2429 1793 2491 vituperatores
1828 2431 1925 2491 sed,

158 2516 215 2558 ut
250 2509 387 2557 nobis
432 2510 640 2570 videtur,
671 2510 742 2557 ob
787 2509 955 2557 falsam
1000 2524 1206 2558 causam.
1270 2510 1400 2558 Dicit
1443 2514 1629 2559 autem:
1677 2513 1798 2570 »Qui
1841 2512 1929 2561 hoc

156 2586 403 2639 exordium
443 2591 504 2646 ὥς
534 2589 762 2653 τραγικόν
791 2591 872 2638 καὶ
917 2592 1151 2652 περιττὸν
1188 2592 1271 2639 καὶ
1303 2591 1513 2653 ἐπιλόγῳ
1555 2592 1746 2654 μᾶλλον
1774 2592 1931 2649 ἐοικός

157 2670 584 2731 reprehenderunt,
617 2671 650 2718 ii
689 2674 773 2719 n'ec
807 2672 1031 2720 videntur
1063 2673 1326 2732 cogitasse,
1372 2673 1501 2721 aliud
1536 2674 1780 2721 exordium
1815 2688 1927 2722 con-

154 2752 312 2800 venire
349 2750 672 2799 vehementiae
703 2754 968 2801 accusantis
1010 2757 1058 2801 et
1090 2753 1384 2802 defendentis
1413 2754 1691 2816 modestiae,
1736 2768 1821 2803 nec
1853 2756 1925 2802 in-

262 2896 304 2940 1)
332 2893 478 2933 Strom.
510 2893 541 2944 I,
571 2893 594 2933 6
624 2894 673 2933 cf.
703 2895 875 2935 Dobson
900 2895 927 2935 l.
957 2908 992 2936 c.

258 2959 303 3010 2)
332 2958 540 3010 Schaefer,
572 2959 788 3001 Demosth.
817 2961 871 3013 ΙΙ,
901 2962 989 3002 301.

259 3024 304 3073 3)
333 3024 380 3064 In
413 3024 577 3074 ,libello
606 3024 842 3067 academico
877 3027 927 3067 de
963 3027 1169 3068 Aeschine
1207 3028 1394 3067 oratore‘
1431 3039 1528 3078 pars
1558 3027 1618 3081 ΙΙ,
1660 3028 1712 3070 de
1740 3030 1925 3072 exordio.

155 3086 205 3126 cf.
237 3088 331 3129 edit.
361 3090 540 3131 Dobson.
