2063 3494
998 157 1065 208 25

152 322 208 369 ἐν
246 322 316 366 'coi'
364 318 478 379 περὶ
523 320 613 365 τοῦ
655 319 911 381 στεφάνου
953 317 1039 363 οὐκ
1087 318 1212 376 ἔχων
1255 316 1402 364 λῦσαι
1433 315 1546 371 τούς
1586 318 1704 363 καθ’
1736 318 1917 366 ἑαυτοῦ

152 400 351 461 νόμους,
397 392 469 453 οἷς
512 398 743 461 Αἰσχίνης
792 398 1035 461 ἐχρήσατο
1075 397 1179 442 κατ’
1212 395 1388 456 αὐτοῦ,
1432 403 1706 458 κατέφυγεν
1738 399 1824 444 ἐπὶ
1858 399 1915 445 τό

148 482 357 541 α’σαφές,
390 478 571 526 οὑτωσὶ
603 479 773 539 λέγωνε
802 481 900 524 τῶν
928 481 1022 539 μὲν
1052 469 1142 523 οὖν
1174 476 1339 535 νόμων
1364 481 1452 525 etc.
1476 478 1530 538 ¹).
1595 477 1726 543 Nihil
1755 482 1914 525 autem

150 559 336 621 planius
370 543 426 606 ac
459 558 698 606 definitius
721 571 994 618 expressum
1026 560 1113 616 est,
1147 570 1289 616 quam
1315 570 1437 616 quae
1465 557 1707 617 Syr-ianus,
1740 558 1917 617 rhetor,

152 639 265 688 dicit
283 639 340 699 ²).
406 639 562 686 Verba
587 641 701 686 sunt
717 637 856 685 haec:
894 636 1035 699 »Χρή
1063 636 1120 683 δὲ
1141 636 1253 691 τούς
1276 638 1405 697 μετα
1428 643 1596 700 τέχνης
1619 636 1918 697 ἐργάζεσθαι

149 719 262 774 τους
321 718 489 779 λόγους
545 719 911 779 ἐπιχειροῦντας
953 721 1062 772 ταΐς
1117 717 1412 774 ἀποδείξεσι
1465 718 1766 780 συμπλέκειν
1827 718 1917 773 τοὶς

149 800 405 863 ἐπιφοράς,
445 799 574 847 α’λλοὲ
619 800 689 864 μή
729 801 824 856 ἔξω
866 801 957 846 τοῦ
998 805 1321 859 προκειμένου
1364 799 1605 860 βαδίζειν,
1662 799 1804 860 εἴπερ
1845 800 1913 861 μή

148 881 408 943 μέλλοιμεν
431 881 488 926 τὸ
515 882 605 927 τοῦ
619 879 852 939 Αἰσχίνου
876 882 1085 935 παθεῖν,
1119 878 1238 926 καθ’
1267 878 1456 927 ἑαυτῶν
1485 893 1640 942 φασιν
1661 880 1915 941 α’μώμενοι

147 960 296 1009 κόνιν.
361 961 457 1008 Καὶ
484 961 578 1022 γάρ
607 960 837 1022 Αἰσχίνης
869 961 923 1007 ἐν
955 962 1027 1021 τῷ
1064 960 1194 1006 κατοὲ
1228 961 1576 1022 Κτησιφῶντος
1618 959 1707 1007 οὐκ
1738 959 1912 1021 α’ρκεσ·

148 1041 260 1095 θεὶς
314 1039 610 1101 παράνομον
669 1041 832 1096 δεῖξαι
878 1040 936 1086 τὸ
992 1043 1179 1101 γραφὲν
1236 1039 1365 1085 κατα
1422 1042 1512 1085 τοῦ
1557 1043 1914 1101 Δημοσθένους

150 1118 408 1187 ψήφισμα,
438 1120 565 1168 α’λλοέ
590 1120 840 1179 προςθεὶς,
874 1119 936 1174 ὥς
954 1120 1068 1166 ου’δὲ
1094 1115 1230 1175 ἄξιος
1247 1118 1502 1181 στεφάνου
1528 1119 1555 1166 ὁ
1570 1123 1912 1181 Δημοσθένης,

147 1199 404 1262 πρόφασιν
437 1203 506 1261 τῷ
537 1200 770 1260 ἀντιδίκῳ
801 1202 887 1263 τῆς
919 1202 1018 1247 τῶν
1052 1199 1242 1246 οἰκείων
1281 1198 1659 1260 πολιτευμάτων
1683 1199 1912 1257 διεξόδου

146 1279 466 1345 κεχορήγηκεν
508 1277 757 1342 ἄφθονον·
815 1281 861 1328 εί
898 1281 955 1327 δὲ
995 1281 1110 1342 περὶ
1160 1280 1316 1342 μόνον
1362 1282 1481 1343 ἔστη
1522 1281 1579 1327 τὸ
1624 1280 1911 1342 κρινόμενον

148 1362 198 1421 (i.
233 1375 272 1408 e.
314 1365 651 1421 προκείμενον,
700 1361 1027 1421 παράνομον),
1069 1364 1264 1407 θᾶττον
1310 1360 1376 1406 ἄν
1433 1354 1535 1407 εἷλε
1577 1365 1912 1423 Δημοσθένην

154 1440 451 1502 Τιμάρχου<<.
526 1441 705 1499 Quibus
750 1455 808 1489 ex
847 1442 1062 1489 omnibus
1095 1440 1213 1488 haec
1255 1441 1495 1488 sententia
1529 1441 1707 1503 elucet,
1752 1441 1909 1501 legum

147 1521 383 1582 praesidio
418 1535 510 1568 non
546 1521 702 1569 minus
737 1521 786 1568 in
818 1521 905 1569 hoc
938 1535 1074 1581 quam
1111 1522 1159 1568 in
1192 1522 1348 1580 priore
1380 1520 1481 1569 loco
1514 1521 1791 1570 Aeschinem
1828 1522 1911 1570 ad-

146 1602 370 1649 versariis
406 1603 689 1661 superiorem
722 1602 879 1650 fuisse.
952 1602 1092 1649 Aliud
1124 1602 1426 1661 antiquitatis
1462 1602 1784 1650 testimonium
1820 1603 1909 1650 sub

146 1681 286 1729 finem
330 1681 470 1729 huius
530 1682 818 1742 quaestionis
877 1682 1356 1730 commemorabimus,
1445 1683 1579 1730 Inter
1622 1684 1910 1731 recentiores

145 1766 316 1828 autem
349 1775 530 1810 summa
575 1763 806 1810 dissensio
850 1766 936 1810 est.
1013 1762 1192 1823 Quum,
1250 1767 1306 1809 ut
1352 1762 1469 1810 alios
1515 1763 1815 1824 omittamus,
1854 1765 1907 1812 L.

150 1842 428 1903 Spengelius
447 1843 506 1903 ³),
541 1843 600 1890 ab
624 1842 858 1890 Aeschine
889 1856 987 1890 rem
1023 1843 1209 1890 omnino
1240 1843 1300 1890 ad
1335 1844 1585 1891 veritatem
1609 1845 1910 1893 accomodate

152 1923 522 1970 demonstrat-am
557 1936 680 1980 esse,
711 1924 942 1982 obtineat,
984 1937 1135 1983 neque
1168 1924 1309 1970 aliter
1341 1924 1449 1970 olim
1482 1924 1841 1973 Westermanno
1858 1925 1909 1988 ⁴]

143 2003 297 2051 visum
330 2004 406 2063 sit,
442 2003 535 2061 alii,
567 2003 781 2062 inprimis
817 2003 870 2050 A.
909 2002 1185 2051 Schaeferus
1207 2002 1255 2064 ⁵)
1289 2007 1339 2051 et
1372 2004 1623 2053 Dissenius
1642 2006 1700 2066 ⁶),
1737 2007 1908 2066 quibus

145 2087 322 2144 postea,
355 2086 543 2130 mutata
564 2083 817 2144 sententia,
853 2083 1243 2131 Westermannus
1262 2082 1312 2145 ⁷)
1347 2084 1603 2133 assentitus
1624 2090 1711 2147 est,
1744 2091 1910 2136 contra

148 2162 404 2223 disputant,
440 2163 683 2210 Aeschinis
718 2166 869 2210 totam
901 2164 1357 2223 argumentationem
1391 2165 1440 2211 in
1470 2166 1757 2226 turpissimis
1791 2168 1910 2215 arti-

144 2242 262 2291 ficiis
309 2247 359 2290 et
407 2243 527 2291 dolis
573 2243 780 2304 positam
829 2257 933 2291 esse
983 2244 1144 2291 videri.
1220 2245 1288 2292 Ac
1338 2245 1550 2305 profecto
1598 2248 1762 2308 negari
1813 2262 1908 2297 non

143 2327 326 2385 potest,
368 2324 595 2371 nonnulla
630 2325 679 2371 in
713 2328 919 2384 utraque
954 2325 1169 2372 oratione
1203 2324 1425 2387 inveniri,
1467 2340 1587 2387 quae
1616 2341 1703 2385 pro
1739 2329 1909 2377 Demo·

148 2403 331 2465 sthene,
364 2408 529 2453 contra
559 2405 837 2453 Aeschinem
870 2419 975 2453 esse
1011 2405 1277 2453 videantur.
1460 2470 1467 2476 1

268 2485 479 2533 Primum
513 2487 635 2533 enirn
670 2486 810 2545 plane
843 2489 892 2533 et
924 2490 1090 2545 aperte
1120 2486 1198 2533 ille
1231 2486 1352 2534 hunc
1391 2491 1606 2548 accusat,
1653 2489 1782 2550 quod
1814 2504 1909 2538 non

253 2694 290 2744 1)
320 2693 438 2735 Dem.
471 2693 509 2734 d.
540 2706 621 2735 cor.
650 2694 789 2747 5111.
871 2697 915 2743 2)
940 2694 1062 2736 Rhet.
1092 2695 1164 2748 IV,
1193 2698 1281 2738 205.

254 2758 300 2810 3)
329 2759 376 2799 In
408 2759 511 2800 actis
534 2760 771 2801 academiae
791 2760 1027 2810 Bavaricae,
1055 2775 1091 2802 v.
1111 2762 1162 2813 X,
1189 2776 1229 2814 p.
1250 2763 1350 2804 29—
1356 2763 1426 2805 97:
1457 2764 1780 2815 ‚Demosthenes
1809 2767 1911 2807 Ver-

141 2822 354 2876 teidigung
381 2824 454 2865 des
484 2825 745 2877 Ctesiphon‘.

247 2890 293 2939 4)
322 2890 370 2929 In
398 2890 541 2931 libello
581 2891 656 2943 „de
694 2892 872 2942 publicis
901 2891 1211 2933 Atheniensium
1249 2894 1472 2935 honoribus
1512 2907 1560 2935 ac
1597 2897 1816 2946 praemiis‘
1851 2898 1909 2938 in·

143 2953 309 3004 scripto,
337 2968 377 3005 p.
405 2958 571 2997 52—55.

253 3020 297 3067 5)
325 3021 626 3061 Demosthenes
649 3021 725 3072 111,
752 3022 841 3074 214,
869 3022 919 3062 A.
951 3025 986 3063 2.
1017 3035 1056 3062 u.
1088 3024 1177 3063 262.

250 3083 294 3133 6)
326 3085 373 3125 In
404 3086 602 3127 orationis
629 3086 972 3128 Demosthenicae
1005 3087 1188 3128 editione,
1211 3088 1263 3128 ad
1294 3089 1317 3140 S
1345 3090 1431 3131 120.

254 3149 298 3200 7)
327 3150 375 3189 In
402 3152 598 3192 orationis
628 3152 973 3193 Demosthenicae
1003 3155 1179 3194 editione
1208 3153 1550 3198 Weidmanniana
1577 3157 1629 3198 ad
1659 3158 1682 3210 S
1713 3161 1798 3199 121.

1909 2811 1971 2834 Γ
