2063 3494
1012 98 1073 148 11

153 259 353 308 elevent.
409 258 608 319 Deinde,
641 258 870 307 iudicibus
896 259 954 306 de
975 256 1278 306 iureiurando
1300 257 1612 317 commonitis,
1644 257 1920 306 Aeschinem

152 340 221 387 ita
250 339 572 400 reprehendit,
613 344 667 388 ut
700 354 797 388 non
831 338 1086 387 maledicat
1116 351 1268 397 neque
1300 337 1487 385 omnino
1517 337 1786 386 vehementi
1816 351 1922 385 ora-

152 420 281 468 tione
314 423 495 468 utatur.
574 420 691 468 Tum
734 433 963 468 summam
1009 417 1229 465 fiduciam
1273 417 1517 479 exprimit,
1562 431 1613 464 se
1641 417 1920 464 Aeschinem

151 501 472 548 convicturum
508 514 635 560 esse,
665 501 749 549 sed
783 514 835 548 se
866 498 1035 546 verer?
1055 498 1210 556 addit,
1245 511 1305 545 ne
1336 498 1509 546 iudices
1543 513 1649 547 eum
1681 512 1776 545 non
1810 512 1918 546 con-

149 579 393 641 demnent,
427 570 552 641 quod
589 594 729 640 saepe
761 579 810 627 in
846 578 1000 626 causis
1033 576 1229 637 publicis
1263 575 1368 624 fieri
1401 576 1576 637 soleat,
1607 581 1661 625 ut
1694 590 1786 624 non
1819 580 1918 624 tam

148 659 266 708 iuris
308 674 364 708 ac
405 661 586 720 legum,
642 672 786 719 quam
830 663 1095 718 temporum
1139 657 1453 705 communium
1502 657 1626 704 ratio
1669 656 1915 705 habeatur.

147 738 239 787 Sed
271 738 402 787 haud
435 740 532 788 scio
564 752 627 786 an
661 737 944 787 temeritatis
977 736 1134 797 fuerit,
1170 748 1200 783 a
1230 736 1455 796 principio
1484 736 1647 783 statim
1682 736 1917 784 iudicibus

146 820 324 879 aliquid
352 820 652 880 exprobrare,
686 833 777 879 quo
798 818 937 866 facile
960 821 1157 878 possent
1182 816 1368 865 offendi·
1400 817 1447 865 id
1473 816 1617 876 quod,
1652 817 1915 866 conciliatis

146 912 310 947 eorum
342 899 511 963 animis
558 912 615 947 ac
651 888 710 947 *re
749 897 1043 959 argumentis
1089 901 1139 945 et
1184 897 1447 946 rationibus
1483 896 1715 958 probata,
1760 897 1916 946 facere

144 979 301 1038 aptius
351 979 498 1027 fuisse
541 979 762 1027 arbitror.
849 979 1161 1026 Inveniuntur
1206 977 1392 1037 quidem
1440 978 1567 1037 apud
1611 977 1711 1025 fere
1751 991 1914 1025 omnes

143 1064 359 1107 oratores
406 1059 590 1107 Atticos
646 1057 909 1120 permulta,
981 1057 1150 1119 quibus
1203 1058 1337 1106 varia
1386 1057 1741 1106 Atheniensium
1797 1058 1916 1106 vitia

144 1140 393 1198 castigent,
426 1139 509 1186 sed
538 1143 696 1186 tamen
721 1139 1000 1198 plerumque
1027 1151 1111 1185 suo
1135 1138 1237 1185 loco
1261 1142 1310 1185 et
1333 1142 1558 1197 tempore.
1613 1138 1912 1185 Postremum

141 1218 220 1267 ille
262 1219 433 1268 iterum
479 1232 701 1279 magnam
744 1217 962 1267 fiduciam
1010 1216 1272 1278 significat,
1334 1231 1386 1265 se
1436 1218 1761 1266 convicturum
1805 1231 1910 1266 esse

141 1299 436 1359 Aeschinem,
470 1300 623 1358 specie
646 1299 836 1358 quidem
858 1313 958 1346 rem
990 1299 1039 1346 in
1064 1298 1214 1345 medio
1238 1299 1523 1359 relinquenS,
1559 1312 1728 1346 revera
1750 1302 1909 1346 autem

140 1379 405 1427 firmissime
449 1379 749 1427 adseverans
826 1378 950 1435 Quid
992 1379 1115 1426 enim
1159 1379 1290 1426 aliud
1333 1379 1478 1427 verba
1510 1378 1556 1440 (ξ
1589 1379 1661 1440 8):
1711 1376 1808 1439 ,,ἆ“ν
1851 1379 1909 1425 δὲ

138 1459 210 1522 μή
242 1459 389 1515 δὲίξω
419 1461 580 1505 ταῦτα
611 1457 645 1517 ἦ
675 1459 745 1520 μή
778 1457 976 1517 πάντα,
1013 1459 1101 1519 ἐμὲ
1133 1462 1225 1518 μὲν
1254 1458 1444 1519 φαῦλον
1472 1458 1695 1520 ἡγεῖσθε,
1729 1462 1907 1505 τοῦτον

139 1540 197 1586 δὲ
229 1535 422 1600 ἄφετέ(
466 1538 554 1586 sibi
598 1538 785 1598 volunt,
828 1550 991 1597 quam:
1040 1538 1136 1598 „ita
1170 1538 1347 1598 vivam,
1388 1542 1445 1585 ut
1486 1552 1575 1598 ego
1607 1539 1753 1586 istum
1796 1553 1908 1587 con-

137 1620 364 1668 vincam“.
431 1618 545 1677 Quis
580 1622 746 1678 neget,
791 1618 1068 1666 Aeschinem
1111 1619 1289 1666 maiore
1325 1632 1430 1667 cum
1464 1619 1682 1667 cautione
1716 1623 1765 1667 et
1795 1634 1908 1680 pru-

138 1700 318 1759 dentia,
363 1713 504 1760 quam
537 1698 929 1759 Demosthenem,
973 1699 1238 1760 praefatum
1272 1700 1410 1747 esse?
1457 1699 1749 1760 Quamquam
1783 1700 1907 1749 hunc

134 1780 365 1828 incitabat
396 1779 600 1827 honesta
640 1779 903 1839 indignatio
945 1779 1002 1827 de
1043 1779 1305 1826 adversarii
1348 1780 1617 1839 proditione
1659 1795 1714 1828 ac
1743 1781 1908 1841 populi

132 1860 429 1920 lentitudine,
466 1864 515 1907 et
545 1874 690 1920 quum
723 1860 872 1919 ipsius
905 1860 1116 1920 probitas
1149 1860 1496 1919 integritasque
1524 1865 1742 1920 spectata
1778 1867 1907 1910 esset

135 1954 193 1989 ac
223 1940 503 1988 manifestus
546 1954 681 1987 amor
721 1942 931 2001 patriae,
981 1941 1164 1988 maiora
1206 1940 1410 1988 fortasse
1452 1941 1496 1988 ei
1533 1941 1667 1989 licuit
1712 1944 1908 2005 audere,

135 2035 300 2082 quam,
344 2021 416 2068 cui
450 2020 558 2068 illae
594 2021 799 2069 virtutes
847 2020 1107 2069 deficerent
1149 2026 1235 2068 aut
1274 2035 1370 2069 non
1414 2026 1573 2069 essent
1614 2023 1902 2083 exploratae.

132 2102 198 2149 At
229 2101 475 2149 Aeschinis
512 2105 717 2149 mentem
761 2101 938 2149 malam
983 2105 1130 2161 atque
1175 2101 1530 2162 improbitatem
1578 2102 1671 2150 iam
1717 2105 1903 2164 pridem

131 2185 427 2242 perspectam
452 2181 613 2241 fuisse,
644 2182 897 2229 verisimile
921 2189 1019 2229 est:
1054 2196 1213 2242 quare,
1249 2183 1341 2230 etsi
1362 2183 1576 2243 populus,
1609 2186 1904 2245 temporibus

131 2266 322 2309 coactus
356 2265 428 2320 et,
469 2261 582 2321 quia
624 2262 753 2321 pacis
793 2261 1056 2321 quietisque
1090 2263 1439 2309 amantissimus
1475 2268 1605 2323 erat,
1658 2265 1756 2312 eius
1789 2280 1902 2314 con-

132 2342 237 2390 silia
269 2354 411 2402 saepe
445 2341 758 2401 sequebatur,
794 2345 953 2388 tamen
986 2355 1272 2402 magnopere
1306 2343 1349 2389 ei
1383 2344 1644 2391 cavendum
1679 2349 1807 2407 erat,
1840 2360 1901 2395 ne

129 2422 465 2483 intempestiva
488 2422 781 2470 vehementia
803 2425 885 2470 aut
907 2422 1269 2482 importunitate
1288 2423 1408 2470 iram
1427 2423 1634 2475 iudicum
1656 2427 1902 2489 excitaret,

127 2503 269 2551 immo
303 2517 418 2551 vero
454 2503 751 2565 enitendum,
796 2507 850 2551 ut
888 2502 1294 2552 moderatissimus
1335 2505 1752 2568 quietissimusque
1794 2523 1900 2558 esse

128 2581 392 2643 videretur,
426 2588 496 2642 et,
532 2584 636 2645 qui,
667 2584 758 2632 nisi
794 2585 1064 2645 respublica
1095 2586 1387 2646 postularet,
1419 2587 1537 2635 alios
1572 2587 1761 2637 laedere
1791 2604 1901 2649 gra-

128 2667 338 2713 varetur.
418 2664 585 2724 Itaque
617 2665 846 2718 oratione¹
864 2679 1055 2726 quoque
1090 2666 1233 2714 talem
1264 2667 1474 2715 animum
1518 2669 1740 2717 simulare
1778 2684 1900 2731 opus

126 2749 244 2802 erat,
274 2748 327 2792 ut
348 2744 397 2791 in
426 2743 802 2793 benevolentiam
835 2746 1038 2794 iudicum
1069 2748 1201 2807 quasi
1234 2747 1510 2795 insinuaret.
1575 2748 1677 2796 Hac
1709 2750 1900 2799 ratione

125 2824 277 2873 utitur
307 2824 355 2871 in
391 2823 602 2871 oratione
634 2828 802 2873 contra
837 2825 1161 2887 Timarchum,
1195 2826 1283 2874 hac
1314 2826 1477 2874 eadem
1513 2827 1561 2874 in
1594 2832 1777 2878 nostra.
1842 2831 1900 2879 In

124 2909 324 2966 utraque
354 2908 617 2952 commonet
645 2905 821 2954 iudices
852 2907 912 2954 de
943 2907 1175 2955 modestia
1211 2921 1324 2968 sua,
1375 2908 1445 2954 ita
1480 2912 1533 2955 ut
1563 2923 1723 2957 eorum
1757 2911 1899 2959 bene-

124 2986 377 3034 volentiam
409 2986 545 3046 quasi
579 2987 892 3034 necessariam
927 2988 1185 3036 mercedem
1216 3001 1410 3048 poscere
1445 2989 1682 3039 videatur.

248 3065 346 3113 Nec
376 3065 927 3123 modonbenevolentiam
960 3067 1163 3116 iudicum
1208 3067 1459 3116 conciliare
1505 3069 1551 3116 in
1596 3071 1788 3119 exordio
1827 3076 1901 3121 est
