2063 3494
134 314 355 376 appellet,
390 314 647 375 invehitur,
681 328 824 375 quam
857 315 907 363 in
939 315 1179 364 licentiam
1213 313 1362 363 totius
1395 306 1639 363 cuiusdam
1660 313 1828 376 partiS‚
1860 314 1909 360 in

133 395 311 442 malum
351 409 552 454 morem,
607 408 747 455 quem
794 395 1035 455 quoddam
1079 409 1227 456 genus
1282 398 1527 442 oratorum
1576 399 1722 455 atque
1764 394 1922 453 impe--

133 477 348 522 ratorum
380 474 430 522 in
459 474 797 535 rempublicam
838 475 1101 537 induxerit;
1150 478 1199 523 et
1231 474 1321 523 hos
1359 475 1624 535 generatim
1661 472 1911 535 significat,

134 553 273 602 modo
305 556 498 613 ,,τινε’ς“
530 554 578 616 (ξ
606 558 654 616 1;
690 555 807 617 §3),
836 556 978 604 modo
1007 559 1165 615 »τινὲς
1197 558 1296 603 τῶν
1328 552 1575 617 ῥητόρων“
1603 555 1651 616 (ἓ
1677 555 1739 616 7),
1771 553 1911 602 modo

132 634 213 693 „01¹1
252 634 528 695 παράνομα
577 634 876 698 γράφοντες“
933 635 980 697 (ᾗ
1024 637 1096 697 7),
1154 636 1292 684 modo
1339 634 1421 694 „ot
1460 634 1769 689 ὑπεναντίως
1809 635 1912 687 τοῖς

133 712 302 775 νόμοις
346 714 430 762 καὶ
472 717 543 776 τῷ
589 722 895 778 συμφέροντι
939 718 1011 777 τῷ
1054 716 1274 777 ὑμετέρῳ
1319 715 1725 776 πολιτευόμεναι(
1765 713 1819 776 (ἓ
1853 712 1909 775 8)

133 794 401 844 nominans,
464 796 548 858 Ao,
583 796 623 846 si
655 810 778 857 eum,
811 800 866 845 ut
899 796 1089 845 oderint
1120 800 1170 845 et
1200 796 1423 858 puniant,
1450 795 1629 845 iudices
1661 792 1913 843 adhortari

133 874 360 935 legimuS‚
391 879 555 923 tamen
587 876 650 924 ab
683 878 809 924 omni
841 877 987 924 animi
1022 877 1337 924 concitatione
1368 891 1540 924 vacare
1571 875 1780 935 videtur,
1822 887 1911 921 nec

135 954 346 1014 singulos
382 956 613 1015 quosdam
643 957 870 1017 nominat,
903 971 1021 1017 quos
1052 956 1230 1005 iudices
1263 956 1420 1004 odisse
1452 961 1502 1004 et
1532 956 1701 1016 punire
1731 954 1910 1011 iubeat,

132 1034 216 1082 sed
250 1048 437 1095 omnes,
480 1035 561 1096 qui
593 1035 798 1097 aliquid,
833 1036 957 1097 quod
990 1040 1155 1085 contra
1186 1036 1316 1097 leges
1348 1036 1433 1097 sit,
1478 1038 1672 1097 rogent,
1717 1033 1824 1082 odio
1858 1036 1909 1082 et

131 1128 287 1174 poena
323 1117 676 1176 persequendos
705 1130 811 1164 esse
841 1122 1014 1164 censet.

258 1194 633 1243 Prudentissime
665 1210 779 1244 vero
808 1195 932 1257 fecit,
968 1199 1023 1243 ut
1055 1210 1147 1244 non
1171 1196 1335 1243 statim
1363 1196 1412 1243 in
1435 1193 1798 1244 Demosthenem
1823 1197 1908 1242 aut

133 1273 492 1335 Ctesiphontem
525 1276 850 1324 vehementius
885 1276 1202 1324 inveheretur.
1269 1276 1416 1335 Nam,
1457 1289 1597 1335 quum
1629 1274 1907 1335 plerumque

130 1354 412 1404 abalienatis
443 1356 613 1405 animis
644 1356 822 1405 iudices
859 1361 1185 1405 accusatorem
1233 1370 1263 1404 a
1303 1356 1565 1405 maledictis
1607 1360 1657 1403 et
1687 1355 1905 1404 conviciis

130 1435 453 1483 exordientem
476 1436 688 1497 audiant,
720 1437 832 1497 quia
857 1450 946 1485 sua
972 1450 1081 1484 eum
1103 1437 1348 1484 inimicit-ia
1374 1439 1459 1483 aut
1485 1449 1677 1483 suarum
1696 1435 1907 1496 partium

129 1514 288 1562 studio
332 1520 513 1564 motum
547 1517 896 1565 accusationem
929 1517 1191 1565 instituisse
1231 1520 1429 1577 putant,
1473 1520 1575 1564 tum
1612 1515 1815 1563 maxime
1858 1515 1906 1562 in

129 1594 219 1643 hac
262 1608 405 1643 causa
444 1596 670 1645 Aeschini
715 1601 855 1645 caute
898 1591 1283 1657 prospiciendum
1327 1600 1461 1657 erat,
1503 1609 1562 1644 ne
1605 1609 1634 1644 a
1675 1594 1906 1656 principio

129 1676 343 1735 apertius
376 1680 669 1736 ostentaret,
705 1677 941 1724 malitiose
975 1682 1142 1724 contra
1160 1677 1527 1723 Demosthenem
1560 1690 1610 1723 se
1643 1675 1907 1724 accusatio-

128 1769 236 1804 nem
269 1757 549 1818 suscepisse.
627 1757 921 1817 Quamquam
962 1757 1086 1805 cnim
1124 1771 1181 1805 ex
1223 1770 1384 1817 pugna
1426 1756 1552 1817 apud
1586 1756 1907 1804 Chaeroneam

128 1836 259 1883 facta
281 1850 336 1884 ac
354 1838 555 1886 maxime
581 1851 639 1885 ex
662 1837 786 1884 malo
809 1841 983 1885 eventu
1006 1837 1114 1885 belli
1134 1837 1493 1885 Lacedaemonii
1526 1837 1573 1897 ii,
1605 1835 1684 1896 qui
1707 1835 1906 1883 Athenis

131 1930 160 1963 a
193 1916 532 1965 Macedonibus
567 1917 784 1977 stabant,
822 1918 986 1979 populi
1028 1918 1274 1966 conciones
1314 1932 1400 1966 sua
1428 1917 1715 1965 auctoritate
1749 1916 1906 1964 mode-

131 1996 380 2057 rabantur,
416 1997 546 2045 haud
567 2011 718 2058 pauca
740 1999 877 2057 signa
896 2002 1101 2059 exstant,
1135 2002 1323 2046 coactos
1346 2002 1395 2045 et
1412 1997 1586 2045 invitos
1598 1997 1907 2045 Athenienses

126 2077 332 2137 tempori
365 2078 565 2125 cessisse
598 2082 741 2138 atque
773 2078 915 2137 longe
950 2079 1183 2138 abfuisse,
1220 2084 1277 2125 ut
1311 2091 1390 2126 eos
1424 2077 1533 2125 belli
1565 2091 1651 2138 pro
1683 2077 1904 2125 libertate

128 2157 360 2205 Graeciae
393 2162 560 2206 contra
594 2158 904 2206 Macedonum
937 2160 1135 2207 insidias
1176 2159 1382 2219 suscepti
1414 2159 1702 2218 poeniteret,
1740 2157 1905 2218 iisque,

125 2238 209 2297 qui
242 2238 458 2298 inprimis
498 2238 624 2286 illius
668 2242 888 2286 auctores
930 2238 1141 2299 fuerant,
1188 2239 1525 2287 irascerentur.
1607 2238 1757 2286 Immo
1791 2252 1904 2285 vero

128 2317 497 2365 Demosthenem
526 2321 761 2379 perpetuo
784 2319 947 2366 favore
979 2322 1028 2366 01
1056 2318 1386 2366 benevolentia
1419 2318 1620 2379 populus
1652 2317 1904 2379 amplecte-

125 2398 295 2457 batur,
331 2402 381 2445 et
413 2413 471 2445 ex
503 2399 586 2445 illa
621 2399 752 2447 clade
786 2412 932 2458 quum
966 2399 1060 2445 alia
1093 2399 1230 2461 signa
1263 2399 1365 2446 eius
1398 2398 1657 2446 voluntatis
1692 2397 1903 2456 dederat,

124 2483 225 2525 tum
256 2478 400 2537 paulo
434 2481 591 2539 antea,
625 2493 767 2539 quam
791 2478 909 2526 haec
933 2492 1079 2527 causa
1101 2483 1212 2526 acta
1233 2482 1320 2538 est,
1353 2492 1496 2538 quum
1508 2477 1902 2537 Amphictyonum

123 2557 296 2605 iudicio
330 2557 463 2604 illum
506 2559 553 2606 in
587 2560 909 2619 quaestionem
944 2559 1138 2607 tradere
1182 2559 1343 2606 iussus
1386 2561 1536 2618 esset,
1582 2562 1900 2607 recusaverat.

123 2639 180 2687 Id
216 2638 343 2699 quod
371 2643 502 2686 certe
534 2639 844 2698 probabiliter
876 2641 930 2687 A.
965 2639 1304 2699 Schaeferus¹)
1346 2639 1405 2685 ad
1452 2638 1566 2686 illud
1607 2642 1795 2698 tempus
1827 2653 1903 2686 re-

124 2718 252 2766 tulit.
329 2717 547 2778 Accedit,
601 2718 728 2778 quod
772 2722 966 2766 senatus
1006 2718 1249 2767 decretum
1294 2718 1351 2765 de
1395 2731 1572 2766 corona
1613 2731 1762 2766 aurea
1805 2718 1902 2767 De-

123 2798 360 2846 mostheni
401 2798 627 2845 donanda
658 2797 805 2858 paulo
839 2803 953 2845 ante
988 2803 1266 2846 renovatum
1301 2812 1406 2846 esse
1438 2799 1647 2859 videtur,
1695 2799 1745 2847 id
1779 2798 1904 2858 quod

122 2879 326 2927 maxime
343 2879 628 2928 Aeschinem
655 2878 817 2938 movit,
850 2881 905 2926 ut
939 2878 1255 2927 intermissam
1281 2879 1624 2928 accusationem
1658 2879 1903 2939 reciperet.

122 2959 225 3008 Hoc
268 2973 459 3021 quoque
507 2960 763 3008 verisimile
809 2973 938 3019 esse,
1008 2959 1132 3008 idem
1188 2959 1531 3009 demonstravit
1573 2958 1829 3008 Schaferus
1843 2962 1903 3020 ²).

230 3133 271 3179 1)
303 3131 606 3172 Demosthenes
636 3145 660 3171 u
700 3145 730 3172 s.
760 3133 870 3185 Zeit‚
901 3133 976 3185 ΙΙΙ,
1006 3133 1094 3174 198.
1128 3156 1172 3162 -
1211 3133 1422 3173 Demosth.
1454 3144 1493 3172 u.
1520 3142 1552 3173 8.
1581 3131 1625 3171 Ζ.
1655 3130 1729 3179 111,
1758 3133 1846 3172 207.
