2063 3494
986 168 1053 218 52

128 338 268 386 posse
324 324 590 373 videantur.
668 324 741 372 Ex
788 324 860 374 his
907 330 1020 376 sunt
1061 327 1276 389 inprimis
1317 342 1399 389 ea,
1451 330 1617 391 quibus
1664 328 1903 380 silentium

129 419 265 454 suum
315 405 566 454 Aeschines
609 405 902 468 defendit¹)!,
951 412 1006 456 ut
1048 408 1250 457 iudicum
1302 408 1474 457 bonam
1520 412 1812 472 opinionem,
1863 411 1904 459 si

127 501 268 547 quam
298 487 358 534 de
393 500 444 534 se
476 487 768 546 excitaverit,
802 492 997 536 tueatur
1020 502 1075 537 ac
1105 488 1367 549 confirmet,
1400 491 1632 551 simulque
1664 492 1903 552 providet,

126 572 184 616 n'e
223 567 254 616 ii
298 570 408 629 post
442 565 773 615 Demosthenis
822 568 1150 618 criminatione
1194 573 1491 618 moveantur.
1572 569 1724 629 Quam
1765 585 1903 633 pero-

126 648 262 696 randi
294 647 532 695 rationem
565 646 850 697 Aristoteles
869 648 942 710 2);
973 649 1064 710 „vd
1093 649 1219 711 πρὸς
1250 649 1430 697 ἑαυτὸν
1455 650 1829 698 κατασκευάσαι
1848 642 1910 697 εὖ

124 729 214 774 τὸν
257 727 508 788 ἀκροατήν
549 727 632 772 καὶ
676 727 767 772 τόν
811 729 1039 786 ἐναντίω·
1085 726 1312 789 φαύλως“
1351 734 1489 777 vocat
1533 734 1582 776 ei:
1626 733 1899 789 separatam

124 807 364 869 quandam
396 811 582 867 partem
616 820 722 855 esse
757 808 945 856 statuit.
1018 808 1136 869 Sed,
1176 808 1324 869 'quum
1359 808 1448 857 toti
1481 808 1550 857 illi
1582 808 1687 858 loco
1726 821 1900 869 magna

123 888 262 948 copia
284 888 543 947 asperrime
566 901 622 935 ac
645 887 1057 937 vehementissime
1081 892 1248 936 contra
1276 889 1644 937 Demosthenem
1664 889 1897 937 dictorum

120 971 306 1016 intexta
337 968 413 1027 sit,
447 968 524 1014 vix
555 967 714 1015 licebit
745 968 814 1015 ita
841 982 1065 1028 separare
1084 982 1113 1015 a
1136 969 1322 1027 ceteriS,
1356 974 1411 1017 ut
1443 970 1640 1029 propria
1664 968 1896 1030 quaedam

121 1061 234 1110 pars
253 1047 501 1107 efficiatur,
534 1047 814 1108 praesertim
833 1062 978 1108 quum
997 1048 1238 1096 nonnullis
1257 1048 1363 1096 aliis
1380 1049 1558 1109 passim
1578 1048 1898 1109 perorationis

120 1125 238 1177 Iocis
271 1127 553 1187 AeschineS,
596 1127 822 1176 benevolo
857 1142 909 1176 se
954 1132 1003 1176 et
1035 1129 1226 1177 omnino
1266 1134 1555 1189 congruente
1588 1142 1694 1177 cum
1726 1129 1897 1177 volun-

120 1209 298 1257 tatibus
331 1208 621 1256 audientium
654 1209 810 1255 animo
844 1222 964 1268 esse,
999 1208 1255 1256 ostendere
1287 1208 1496 1256 studeat.
1564 1208 1698 1267 Quod
1732 1212 1892 1256 autem
1954 1224 1959 1227 ·

117 1289 180 1337 ad
218 1288 566 1348 separationem
598 1287 797 1335 duarum
830 1289 1039 1349 partium
1069 1288 1259 1348 attinet,
1290 1301 1348 1335 ea
1381 1301 1475 1335 non
1499 1287 1567 1335 sic
1593 1287 1697 1335 fieri
1715 1292 1894 1349 potest,

118 1373 194 1427 ut,
240 1368 320 1415 ubi
364 1366 519 1414 altera
563 1368 847 1414 terminetur
885 1372 970 1415 aut
1003 1368 1128 1415 unde
1171 1367 1324 1415 altera
1358 1368 1566 1428 oriatur,
1610 1369 1893 1429 constituaS‚

116 1448 197 1497 sed
233 1448 530 1496 enumeratio
573 1447 757 1496 duobus
790 1448 905 1497 locis
948 1447 1305 1509 amplificationi
1339 1447 1515 1496 iniecta
1561 1452 1649 1496 est.
1729 1448 1893 1509 Neque

118 1543 229 1577 vero
273 1528 391 1576 haec
434 1542 626 1589 quoque
670 1528 731 1575 ad
775 1529 1238 1589 certamquandam
1293 1541 1508 1575 normam
1562 1530 1608 1576 in
1653 1529 1893 1578 mentibus

115 1611 353 1657 hominum
389 1610 670 1668 impressam
705 1610 888 1656 directa
920 1613 1007 1668 est,
1039 1610 1134 1662 sed,
1166 1623 1310 1669 quum
1341 1609 1447 1669 ipsa
1474 1623 1532 1656 ex
1560 1609 1772 1669 pluribus
1803 1624 1889 1658 seu

111 1691 332 1751 partibus
367 1703 453 1736 seu
484 1689 598 1736 locis
631 1693 831 1749 constet,
864 1689 910 1736 hi
946 1689 1166 1749 deinceps
1200 1689 1327 1737 inter
1359 1703 1410 1737 se
1442 1690 1512 1736 ita
1545 1690 1797 1751 excipiunt,
1830 1695 1887 1738 ut

114 1771 177 1818 ad
223 1769 470 1817 dicendum
525 1770 584 1817 de
638 1782 828 1829 quaque
883 1783 935 1816 re
974 1770 1118 1816 animi
1166 1769 1353 1817 affectio
1408 1774 1644 1817 oratorem
1688 1770 1890 1818 incitare

112 1851 379 1899 videbatur.
444 1849 499 1897 Id
532 1850 658 1910 quod
695 1862 808 1897 sane
830 1848 1121 1896 laudandum
1147 1853 1235 1897 est.
1303 1849 1460 1907 Quum
1483 1850 1607 1897 enim
1634 1851 1888 1900 maximum

111 1944 284 1979 munus
316 1930 587 1990 perorantis
618 1930 697 1989 sit,
729 1943 825 1978 non
846 1930 1016 1978 sedata
1052 1943 1108 1978 ac
1129 1929 1320 1990 placida
1343 1931 1557 1978 oratione
1590 1930 1771 1992 docere,
1804 1932 1889 1979 sed

111 2025 290 2070 eorum,
325 2010 407 2070 qui
441 2010 660 2070 audiunt,
693 2010 875 2058 animos
909 2023 1205 2058 commovere
1240 2011 1394 2070 ipsum
1427 2016 1735 2071 commotum,
1768 2011 1886 2059 nihil

107 2092 296 2152 planius
330 2089 599 2150 significare
632 2094 850 2150 poterat,
896 2090 1175 2138 Aeschinem
1221 2090 1289 2137 ita
1322 2090 1546 2138 affectum
1580 2105 1684 2139 esse
1718 2092 1887 2151 ipsum,

108 2176 163 2219 ut
196 2171 376 2217 iudices
410 2168 535 2216 affici
571 2169 738 2228 vellet,
784 2182 952 2229 quam,
998 2170 1037 2216 si
1081 2170 1282 2217 maxime
1326 2170 1485 2217 varias
1527 2171 1596 2217 rei
1639 2170 1887 2230 augendae

107 2242 318 2298 rationes
371 2253 421 2296 et
469 2248 671 2296 maxime
719 2249 878 2295 varios
936 2248 1080 2295 animi
1129 2253 1289 2297 motus
1350 2249 1676 2310 permiscebat.
1755 2249 1885 2297 Nihil

105 2336 268 2377 autem
301 2330 455 2388 magis
486 2329 615 2375 valet
655 2342 748 2375 non
789 2328 928 2375 modo
963 2329 1021 2375 ad
1056 2330 1354 2377 audientium
1385 2331 1567 2377 animos
1600 2331 1884 2389 perturban-

108 2413 219 2470 dOS,
256 2409 340 2458 sed
376 2409 521 2457 etiam
555 2409 617 2457 ad
654 2408 797 2456 fidem
828 2408 1116 2469 faciendam,
1147 2423 1315 2471 quam,
1352 2410 1393 2458 si
1427 2410 1530 2470 ipse
1560 2408 1880 2457 inflammatus

105 2498 154 2540 et
186 2490 358 2539 ardens
401 2488 461 2537 ad
505 2488 755 2537 dicendum
790 2488 1047 2536 accesseris
1069 2490 1128 2546 ³).
1205 2488 1299 2537 Sed
1343 2489 1403 2537 de
1440 2490 1567 2536 omni
1603 2489 1649 2536 vi
1682 2502 1738 2537 ac
1769 2502 1883 2550 par-

104 2573 276 2621 titione
321 2571 800 2631 perorationissatis
845 2557 1020 2617 dictum
1065 2570 1280 2631 videtur,
1336 2584 1460 2618 nunc
1502 2569 1689 2630 singula
1746 2569 1883 2618 huius

104 2653 264 2714 capita
298 2651 461 2700 ordine
494 2650 860 2720 consideremus

230 2735 298 2780 Ac
330 2732 536 2792 primum
570 2730 761 2789 quidem
793 2730 1049 2778 Aeschines
1084 2731 1261 2778 iudices
1297 2730 1482 2791 edocet,
1515 2731 1878 2779 immoderatam

101 2815 335 2862 honorum
369 2812 685 2872 largitionem,
717 2823 814 2870 qua
847 2810 1013 2858 civitas
1048 2814 1227 2872 utatur,
1263 2811 1548 2872 reipublicae
1580 2825 1685 2859 esse
1708 2824 1879 2871 magno

105 2895 406 2942 detrimento,
472 2892 586 2939 Illos
623 2892 772 2949 enim,
817 2892 856 2937 si
889 2891 1035 2939 effuse
1069 2897 1216 2951 atque
1261 2892 1465 2951 indignis
1497 2892 1761 2939 hominibus
1794 2892 1881 2938 tri-

101 2975 333 3034 buantur,
377 2973 437 3020 ab
472 2971 688 3020 omnibus
721 2971 856 3019 bonis
904 2972 1139 3019 contemni
1182 2986 1237 3020 ac
1284 2973 1463 3032 sperni,
1507 2972 1729 3032 quoniam
1763 2969 1880 3018 nihil

211 3157 250 3203 1)
280 3153 397 3204 §215
427 3165 514 3202 sqq.
572 3156 615 3202 2)
644 3154 748 3192 rhet.
782 3152 856 3204 111,
889 3154 947 3193 19.
1004 3152 1047 3202 3)
1077 3153 1127 3193 cf.
1150 3153 1232 3193 Cic.
1263 3151 1314 3192 de
1345 3155 1447 3191 orat.
1480 3149 1531 3201 II,
1562 3153 1623 3203 45,
1658 3152 1876 3192 189-190.
