2063 3494
992 168 1060 218 38

135 330 329 386 tamque
356 325 521 386 gravia
554 338 704 385 parvo
736 326 862 373 inter
895 340 945 375 se
977 327 1231 375 intervallo
1268 326 1487 387 deinceps
1519 326 1813 386 accidebant,
1856 330 1913 374 ut

133 407 356 467 popuIUS,
384 405 668 465 praesertim
700 406 749 452 in
783 407 1013 467 socordia,
1048 421 1143 467 qua
1171 412 1272 454 tum
1305 406 1573 466 laborabat,
1607 408 1735 455 haud
1757 421 1911 468 pauca

136 486 276 535 modo
306 485 434 534 facta
469 499 495 532 e
526 485 758 533 memoria
791 485 1061 547 deponeret·
1095 500 1190 547 qua
1214 485 1450 534 oblivione
1472 499 1662 547 quaque
1690 485 1912 536 socordia

136 567 247 615 freti
283 579 447 614 omnes
475 569 720 626 oratoreS,
762 567 1075 616 Demosthene
1113 581 1208 614 non
1242 570 1464 626 except0‚
1487 567 1915 627 *impudentissime

141 648 330 695 mentiri
363 645 619 694 audebant.
684 647 854 707 Itaque
888 647 1232 696 Demosthenes
1268 647 1498 707 principio
1531 647 1633 695 eius
1668 648 1918 704 orationiS‚

138 741 281 787 quam
316 727 375 774 de
405 725 528 776 falsa
559 726 801 786 legatione
833 731 1004 775 contra
1036 727 1316 775 Aeschinem
1357 726 1552 786 habuit,
1598 727 1647 773 in
1693 741 1787 787 qua
1819 741 1912 786 reS,

138 820 264 868 quae
302 806 455 853 tribus
491 807 628 853 annis
662 810 777 854 ante
809 811 974 866 gestae
1002 812 1151 866 erant,
1183 810 1388 860 accusat,
1420 806 1573 854 vereri
1608 820 1658 854 se
1692 806 1820 866 dicit,
1853 820 1914 856 ne

137 886 317 934 iudices
350 898 515 933 earum
551 884 644 932 iam
665 885 811 933 obliti
842 886 943 933 sint
965 886 1019 948 ¹).
1085 886 1319 944 Quocirca
1350 887 1398 933 in
1427 885 1517 934 hac
1545 898 1733 947 quoque
1769 899 1914 933 causa

138 966 363 1015 Aeschini
407 966 692 1014 oblivionem
740 967 950 1014 iudicum
1000 967 1203 1028 experiri
1245 970 1295 1015 et
1338 967 1521 1027 copiam
1566 966 1913 1015 mendaciorum

141 1047 286 1095 variis
328 1046 555 1095 orationis
587 1047 774 1094 artibus
807 1047 1034 1107 obtegere
1068 1047 1213 1095 licuit.
1279 1047 1402 1106 Quin
1426 1048 1570 1096 etiam
1598 1048 1697 1109 ipse
1721 1046 1916 1107 fatetur,

139 1128 188 1175 in
219 1127 360 1175 rebus
396 1141 425 1174 a
460 1127 780 1174 Demosthene
813 1128 961 1186 gestis
995 1141 1223 1175 summam
1256 1128 1413 1176 iudicii
1448 1129 1728 1189 consistere,
1766 1142 1912 1188 quum

141 1208 231 1255 hoc
260 1213 406 1267 caput
441 1206 512 1255 his
545 1206 703 1255 verbis
736 1208 923 1267 incipit:
962 1200 1122 1255 »Ἔστι
1155 1208 1200 1254 δ’
1232 1207 1511 1256 ὑπόλοιπόν
1542 1226 1626 1269 μοι
1658 1214 1802 1269 μέρος
1832 1211 1919 1267 τῆς

138 1291 451 1349 κατηγορίας,
504 1287 584 1349 ἐφ’
630 1278 671 1347 ᾦ
713 1287 935 1348 μάλιστα
978 1287 1277 1345 σπουδάζωκ
1324 1286 1376 1350 (ἕ
1422 1292 1481 1336 49
1526 1288 1662 1348 init.).
1750 1288 1916 1348 Neque

142 1372 302 1415 tamen
335 1368 405 1415 ita
439 1368 580 1415 modo
611 1367 730 1415 haec
773 1367 832 1414 ab
877 1381 933 1414 eo
978 1367 1105 1414 <licta
1142 1382 1247 1415 esse
1277 1369 1550 1416 existimare
1583 1367 1825 1428 debemus,
1860 1374 1918 1416 ut

140 1448 232 1495 vim
268 1452 318 1495 et
348 1451 573 1495 naturam
605 1447 766 1495 iudicii
789 1451 957 1507 aperte
990 1447 1294 1507 significaret,
1329 1447 1411 1496 sed
1444 1447 1583 1496 simul
1616 1462 1721 1497 cum
1744 1447 1915 1496 callida

141 1528 467 1586 simulatione,
516 1528 654 1587 quasi
702 1541 988 1586 magnopere
1038 1527 1321 1588 confideret,
1373 1543 1426 1575 se
1471 1528 1552 1575 illo
1597 1529 1917 1575 accusationis

141 1608 298 1668 capite
321 1607 605 1656 Aeschinem
639 1607 841 1655 maxime
875 1620 979 1655 esse
1005 1607 1343 1657 convicturum.
1407 1607 1512 1665 Qua
1535 1606 1734 1666 fiduciae
1759 1607 1918 1668 specie

142 1688 364 1748 deceptos
410 1688 613 1747 iudiceS,
665 1688 705 1734 si
753 1688 964 1747 priorum
1012 1687 1222 1735 locorum
1279 1689 1741 1747 argumentationem
1797 1689 1918 1735 satis

142 1772 273 1815 recte
307 1781 357 1816 se
390 1767 569 1816 habere
602 1768 950 1827 intellexerant,
985 1781 1087 1814 cum
1123 1767 1245 1814 bona
1278 1768 1495 1827 opinione
1526 1767 1711 1827 reliqua
1735 1767 1918 1827 audire,

142 1862 233 1909 par
267 1853 387 1896 erat.
453 1848 552 1896 Nec
585 1849 739 1896 minus
772 1848 1036 1908 prudenter
1068 1848 1167 1907 ille,
1211 1851 1265 1896 ut
1298 1847 1596 1895 voluntatem
1627 1848 1833 1895 iudicum
1867 1847 1917 1895 in

143 1943 194 1977 se
227 1929 580 1989 propensiorem
604 1929 844 1987 redderet,
877 1928 1003 1988 fecit,
1035 1927 1162 1989 quod
1196 1928 1410 1988 simplici,
1446 1927 1666 1989 dilucida,
1701 1927 1918 1976 modesta

142 2009 385 2068 oratione,
434 2008 549 2068 quid
584 2008 698 2068 sibi,
743 2007 855 2067 quid
898 2008 1175 2055 adversario
1221 2007 1518 2067 probandum
1559 2008 1648 2065 sit,
1693 2007 1919 2054 ostendit.

143 2090 246 2137 Hac
276 2089 599 2149 propositione
629 2088 920 2148 praemissa,
966 2088 1027 2135 ad
1063 2092 1213 2135 totam
1262 2088 1408 2134 vitam
1442 2087 1776 2135 Demosthenis
1808 2100 1918 2135 exa-

142 2171 419 2219 minandam
448 2168 747 2232 ‘aggreditur
793 2182 900 2215 cum
945 2167 1290 2227 significatione
1334 2168 1459 2228 spei,
1517 2167 1643 2227 quod
1688 2168 1745 2215 de
1789 2167 1918 2215 illius

142 2253 323 2299 virtute
369 2265 425 2298 ac
472 2251 659 2298 meritis
705 2264 819 2309 erga
864 2250 1106 2297 civitatem
1149 2249 1475 2308 praedicetur,
1517 2234 1687 2297 falsum
1717 2248 1919 2308 ideoque

143 2346 251 2381 eum
283 2331 531 2392 indignum
565 2343 689 2391 esse,
723 2330 805 2391 qui
834 2332 971 2378 tanto
1003 2328 1186 2378 honore
1219 2328 1470 2390 afficiatur,
1506 2342 1556 2378 se
1589 2328 1916 2390 probaturum.

104 2393 117 2402 ⁸
145 2413 348 2460 Constat
379 2416 540 2458 autem
572 2412 688 2457 haec
719 2411 869 2457 omnis
902 2411 1137 2469 expositio
1168 2424 1225 2456 ex
1255 2410 1409 2456 tribus
1443 2410 1680 2469 partibus,
1714 2423 1917 2469 quarum

142 2494 297 2553 prima
341 2492 502 2551 docet,
544 2495 742 2551 propter
783 2490 959 2539 mult-as
1001 2504 1103 2550 reS,
1148 2503 1265 2550 quas
1308 2490 1526 2550 privatus
1571 2489 1917 2539 Demosthenes

143 2577 228 2622 aut
261 2571 465 2633 gesserit
508 2575 596 2619 aut
640 2584 811 2631 passus
847 2571 937 2631 sit,
978 2569 1380 2631 praedicationem
1420 2568 1552 2617 illam
1593 2569 1760 2617 falsam
1800 2582 1919 2629 esse,

142 2654 299 2700 altera
335 2656 522 2710 autem,
563 2656 762 2711 propter
807 2651 1142 2710 rempublicam
1177 2651 1238 2697 ab
1284 2651 1453 2697 eodem
1486 2650 1685 2709 pessime
1714 2653 1918 2709 gestam,

143 2735 289 2783 tertia
325 2733 527 2792 denique
570 2731 613 2779 ei
655 2731 812 2778 omnia
847 2730 1010 2779 deesse
1045 2730 1279 2790 ostendit,
1324 2743 1445 2790 quae
1476 2730 1667 2790 propria
1698 2730 1796 2778 sint
1829 2729 1918 2779 viri

141 2814 386 2876 popularis
422 2817 472 2861 et
503 2812 694 2873 patriae
727 2810 950 2859 amantis.
1028 2810 1121 2860 Sed
1153 2809 1291 2858 huius
1325 2810 1758 2870 argumentationis
1793 2811 1920 2858 ratio

143 2910 171 2943 a
205 2894 530 2956 superioribus
579 2905 776 2954 prorsus
821 2892 1007 2940 diversa
1040 2894 1128 2939 est.
1204 2891 1524 2939 Consentiunt
1555 2891 1677 2939 enim
1706 2891 1921 2951 plerique

142 2990 300 3025 rerum
330 2976 708 3034 existimatores,
755 2973 896 3033 longe
938 2972 1144 3033 plurima
1187 2985 1375 3032 eorum,
1419 2985 1621 3032 quorum
1663 2970 1923 3020 Aeschines

252 3160 293 3205 1)
321 3156 343 3206 S
373 3157 408 3196 3.
439 3156 488 3196 cf.
517 3121 738 3206 praeterea
766 3154 884 3194 Deru.
917 3151 968 3193 de
995 3163 1078 3194 cor.
1108 3152 1130 3203 S
1162 3152 1248 3204 138,
1277 3151 1429 3201 Heges.
1457 3149 1508 3191 de
1537 3149 1685 3190 Halon.
1721 3151 1780 3191 18.
