2063 3494
999 174 1069 225 42

815 249 955 256 ——-.--

145 330 350 380 veritate
393 332 531 392 longe
573 333 741 381 abesse
783 335 920 383 nobis
960 335 1144 383 videtur
1162 336 1219 394 ¹).
1260 389 1262 391 ³
1297 335 1458 393 Quare
1497 336 1612 384 nihil
1656 335 1806 396 magis
1840 349 1915 383 res

143 412 429 471 postularet,
460 425 616 472 quam,
649 408 718 474 ut',
752 426 877 474 quae
901 415 961 464 de
986 414 1183 475 singulis
1205 414 1348 463 rebus
1377 415 1437 463 ab
1473 419 1675 477 utroque
1698 416 1917 476 exposita

143 494 335 550 essent,
383 496 708 541 exenteremus
743 498 817 554 et,
865 499 972 543 uter
1006 508 1145 554 vera,
1177 499 1286 542 uter
1316 494 1439 542 falsa
1471 494 1628 543 dicere
1660 495 1918 554 videretur,

142 571 496 621 dissereremus,
575 573 695 634 Sed,
747 588 891 635 quum
936 574 1053 623 haec
1095 575 1310 636 quaestio
1354 574 1541 635 longior
1584 579 1712 636 esset
1741 573 1916 632 futura,

140 665 282 712 quam
316 656 491 701 natura
525 652 666 702 huius
700 653 846 703 libelli
877 657 1083 718 patitur,
1129 655 1271 704 rebus
1310 655 1427 716 ipsis
1470 655 1681 715 omissiS,
1727 659 1916 703 tantum

141 733 418 781 adiumenta
452 738 674 793 externa,
721 736 894 795 quibus
925 737 988 784 ad
1023 737 1162 785 fidem
1196 736 1424 785 orationis
1456 735 1721 784 faciendam
1754 740 1918 783 orator

137 826 254 860 usus
279 813 356 872 sit,
391 813 806 863 considerabimus.
852 816 921 864 Ut
945 820 1106 864 autem
1133 818 1354 873 dicamus,
1389 816 1502 877 quid
1535 830 1622 864 nos
1654 815 1918 864 sentiamus

140 893 199 941 de
230 894 451 941 universa
484 908 562 943 re:
611 895 975 944 Demosthenem
1018 910 1204 958 quoque
1239 898 1393 945 multa
1436 897 1716 956 detorsisse,
1763 896 1917 943 multa

138 973 351 1034 finxisse,
385 975 536 1023 multa
572 976 911 1024 calumniatum
945 991 1076 1037 esse,
1125 982 1350 1039 apparet,
1405 978 1511 1038 sed,
1556 991 1676 1038 quae
1708 976 1916 1025 eiusdem

140 1055 328 1114 generis
361 1056 493 1115 apud
522 1056 800 1105 Aeschinem
835 1057 1120 1117 invenimus,
1150 1062 1251 1106 tam
1283 1059 1435 1106 multa
1467 1062 1516 1107 et
1548 1058 1665 1105 talia
1699 1060 1827 1116 sunt,
1860 1060 1918 1104 ut

139 1148 234 1182 non
268 1136 423 1183 minus
459 1136 812 1184 calumniatoris
852 1138 1102 1185 audaciam
1143 1138 1448 1198 horreamus,
1490 1147 1629 1198 quam
1665 1137 1917 1185 artificium

138 1216 345 1263 oratoris
379 1216 685 1266 admiremur.
763 1218 929 1279 Neque
964 1222 1127 1267 tamen
1161 1219 1208 1268 id
1245 1223 1344 1267 tam
1378 1218 1550 1265 mirum
1583 1217 1730 1266 videri
1763 1216 1920 1277 debet,

138 1295 372 1355 siquidem
404 1310 500 1344 non
534 1311 650 1345 cura
681 1298 839 1358 legum
872 1303 955 1346 aut
987 1299 1140 1346 salute
1173 1299 1378 1346 civitatis
1415 1303 1590 1356 motuS,
1620 1298 1705 1346 sed
1734 1298 1917 1345 malitia

136 1380 283 1436 atque
303 1377 480 1424 invidia
505 1378 750 1439 incitatuS,
777 1379 1032 1427 Aeschines
1055 1380 1185 1427 litem
1214 1379 1499 1427 intenderat.
1550 1378 1712 1439 Neque
1745 1377 1915 1426 iniuria

137 1456 237 1517 ipse
260 1457 601 1507 Demosthenes
623 1457 712 1507 hoc
743 1459 785 1508 ei
805 1459 1060 1521 exprobrat
1077 1460 1145 1516 ηε
1173 1459 1318 1521 „dm
1346 1459 1452 1508 οὐδ’
1469 1456 1697 1520 αἰσχύνει
1715 1456 1916 1521 φθόνου

136 1537 278 1599 δίκην
311 1537 568 1598 ἑῖσιέγωπῧι.

264 1618 424 1678 Atque
457 1619 545 1666 hoc
578 1619 681 1666 loco
717 1622 882 1679 aptum
917 1632 1022 1666 esse
1055 1619 1256 1679 videtur,
1285 1619 1497 1667 breviter
1521 1632 1770 1679 exponere,
1802 1617 1914 1678 quid

138 1698 397 1747 Aeschines
432 1700 493 1747 de
528 1699 671 1748 rebus
712 1700 1070 1748 Atheniensium
1119 1701 1346 1761 senserit,
1399 1699 1624 1761 quodque
1666 1698 1915 1746 consilium

139 1780 183 1827 ei
217 1781 263 1827 in
299 1781 542 1841 republica
577 1781 786 1841 gerenda
826 1785 1122 1841 propositum
1152 1780 1326 1843 fuerit,
1369 1795 1424 1829 ac
1456 1781 1569 1841 quid
1604 1780 1661 1828 de
1693 1780 1916 1827 universa

136 1862 468 1910 Demosthenis
503 1862 921 1910 administratione
955 1862 1300 1910 iudicavererit.
1366 1862 1547 1920 Quibus
1582 1861 1640 1908 de
1670 1861 1828 1920 rebUS,
1861 1864 1914 1908 ut

139 1947 379 1990 taceamus
414 1943 474 1990 de
507 1943 804 1990 atrocissima
835 1943 918 1990 illa
949 1943 1206 1990 multorum
1229 1943 1505 2003 suspicione,
1538 1942 1654 1989 haec
1681 1946 1810 1989 certe
1839 1944 1914 1988 est

137 2036 238 2070 eius
273 2023 539 2082 sententia,
584 2036 748 2082 pacem
784 2027 833 2070 et
866 2023 1120 2070 amicit-iam
1154 2022 1523 2070 Atheniensibus
1558 2035 1662 2069 cum
1696 2021 1913 2081 Philippo
1940 2078 1949 2093 Ι

137 2106 187 2150 et
215 2103 488 2150 Alexandro
523 2103 781 2162 gerendam
810 2103 973 2162 fuisse,
1009 2107 1071 2162 et,
1104 2103 1232 2163 quod
1256 2102 1422 2149 horum
1444 2101 1751 2149 adversarius
1770 2100 1915 2147 exsti-

136 2183 302 2243 tisset,
359 2182 723 2230 Demosthenem
779 2183 966 2242 patriae
1016 2183 1138 2230 male
1192 2182 1502 2230 consuluisse.
1584 2180 1760 2229 Verum
1809 2194 1912 2228 eam

135 2264 342 2324 ingenue
377 2278 470 2311 non
504 2265 685 2325 aperit,
732 2263 812 2311 sed
859 2277 910 2311 se
943 2263 1097 2324 ipsum
1130 2262 1275 2310 talem
1310 2253 1494 2323 semper
1524 2260 1671 2309 fuisse
1704 2260 1911 2320 simulat,

133 2349 189 2392 ut
236 2345 353 2391 nihil
397 2346 529 2392 aliud
579 2359 719 2404 quam
764 2345 1021 2392 utilitatem
1068 2348 1116 2391 et
1161 2344 1362 2403 gloriam
1403 2343 1609 2390 civitatis
1659 2345 1914 2402 spectaret,

136 2425 323 2472 ratione
355 2425 589 2472 amicitiae
623 2432 709 2472 aut
732 2424 1008 2472 inimicitiae
1030 2422 1235 2484 Philippi
1269 2428 1318 2471 et
1339 2422 1595 2470 Alexandri
1619 2435 1715 2469 non
1734 2421 1913 2468 habita.

133 2502 499 2552 Demosthenem
534 2519 647 2552 vero
681 2505 819 2564 fingit
852 2519 973 2563 eum,
1008 2505 1090 2564 qui
1114 2503 1230 2551 nihil
1255 2516 1479 2563 unquam,
1509 2502 1635 2562 quod
1665 2501 1913 2548 honestum
1981 2544 1985 2550 ,

133 2585 218 2644 sit,
255 2585 338 2631 sed
372 2586 647 2644 turpissima
680 2598 895 2645 quaeque
929 2588 1243 2644 persequutus
1279 2585 1360 2642 sit,
1394 2582 1474 2643 qui
1507 2595 1627 2642 non,
1663 2580 1778 2642 quid
1801 2580 1913 2628 civi—

129 2665 249 2724 tati,
299 2665 382 2712 sed
428 2665 537 2724 quid
593 2665 682 2712 sibi
733 2665 824 2724 ipsi
867 2665 1146 2724 prodesset,
1201 2663 1503 2723 quaesiverit.
1591 2661 1760 2722 ltaque
1804 2675 1910 2709 eum

130 2745 273 2793 modo
305 2745 596 2793 servientem
622 2744 853 2804 Philippo,
888 2744 1030 2791 modo
1057 2744 1209 2791 eidem
1243 2743 1575 2790 adversantem
1608 2741 1733 2802 fecit,
1768 2745 1910 2801 prout

132 2827 259 2875 ratio
295 2826 518 2888 propriae
553 2825 778 2874 utilitatis
816 2824 1061 2885 postulare
1096 2823 1361 2871 videbatur.
1425 2823 1559 2871 Illam
1594 2822 1783 2883 quidem
1816 2820 1911 2868 dis-

130 2907 482 2955 simulationem
523 2920 609 2954 nos
663 2906 801 2954 valde
849 2906 1011 2953 mirari
1053 2919 1260 2965 aequum
1305 2919 1428 2963 esse,
1481 2903 1759 2952 Schaeferus
1803 2916 1912 2950 cen-

233 3083 274 3127 1)
306 3079 395 3129 Qua
423 3079 475 3120 de
505 3090 550 3120 re
580 3091 713 3130 nuper
742 3079 959 3130 praeclare
989 3078 1215 3131 disputavit
1234 3078 1343 3119 Max.
1363 3076 1633 3118 Hoffmannus
1660 3075 1720 3116 in:
1748 3074 1906 3115 Ztschr.

119 3153 145 3193 f.
177 3151 214 3192 d.
246 3151 445 3204 Gyslwsn.
479 3150 599 3201 1866,
627 3162 721 3202 pag.
752 3150 972 3192 746-768,
1015 3174 1054 3180 -
1095 3153 1137 3200 2)
1167 3153 1190 3200 S
1223 3150 1309 3192 121.
