2063 3494
998 157 1066 209 28

140 316 314 362 senatu
350 314 450 363 eius
483 313 674 363 honoris
710 315 950 376 particeps
972 315 1133 369 ‚factus
1166 317 1243 378 sit,
1275 318 1336 365 ad
1369 320 1706 381 sempiternam
1727 307 1913 382 posses-

139 394 318 443 sionem
351 408 574 443 coronam
612 398 786 442 teneat.
852 395 990 444 Illum
1024 397 1230 444 donandi
1264 398 1450 446 modum
1483 401 1617 449 addit
1639 401 1777 450 simul
1809 414 1913 448 esse

139 475 455 535 privationem
490 475 746 535 quandam,
779 474 885 523 fieri
917 481 1075 524 autem
1105 477 1225 538 ideo,
1258 491 1319 525 ne
1344 480 1452 537 quis
1484 480 1687 528 alienam
1709 481 1913 541 gratiam

136 556 287 616 pluris
322 556 568 614 aestimet,
619 569 763 615 quam
805 558 1026 615 patriam.
1103 558 1167 604 At
1202 571 1315 605 vero
1350 557 1468 607 haec
1502 573 1578 607 res
1612 561 1913 609 callidissime

136 648 365 695 perversa
401 639 451 682 et
487 635 678 682 detorta
722 648 828 683 esse
862 636 1063 683 videtur.
1131 636 1396 685 Verisimile
1429 640 1523 695 est,
1565 638 1733 685 maiori
1765 639 1913 686 fuisse

135 714 329 774 honori,
376 715 417 762 si
460 728 633 762 corona
676 715 974 763 adimebatur
1016 719 1241 764 coronato
1285 720 1333 764 et
1377 730 1607 777 suspensa
1650 718 1699 765 in
1733 718 1910 779 templo

134 794 381 843 Minervae
414 795 477 842 ad
510 795 844 855 sempiternam
885 796 1158 843 memoriam
1193 797 1582 859 consecrabatur,
1627 798 1910 859 praesertim

136 889 282 935 quum
310 875 632 935 inscriptlone,
665 889 789 935 quae
813 881 862 923 et
891 890 1060 923 nomen
1084 877 1200 935 eiuS‚
1238 878 1318 936 qui
1347 883 1609 938 acceperat,
1638 883 1688 926 et
1720 892 1908 925 causam

135 954 327 1002 honoris
361 953 631 1016 indicabat,
665 955 828 1002 ornari
862 955 1038 1003 soleret
1059 955 1113 1017 Ι).
1189 956 1489 1017 Quamquam
1522 957 1598 1006 hic
1631 958 1764 1007 locus
1797 957 1910 1005 mihi

136 1036 324 1096 quidem
359 1035 550 1083 videtur
583 1049 675 1083 non
710 1036 851 1096 plane
879 1040 1063 1097 patere.
1082 1063 1145 1070 —
1165 1037 1312 1086 Porro
1345 1052 1431 1099 per
1462 1052 1513 1087 se
1546 1053 1641 1087 non
1663 1038 1909 1100 probabile

136 1120 235 1176 est,
283 1116 552 1176 theatrum,
586 1116 659 1164 cui
690 1116 792 1164 loco
824 1117 1029 1164 maxima
1059 1119 1326 1167 auctoritas
1359 1118 1672 1178 tribueretur,
1720 1122 1908 1166 tantum

132 1196 195 1242 ad
230 1197 463 1244 minorum
495 1196 805 1257 viliorumque
838 1211 1133 1258 coronarum,
1169 1199 1388 1246 videlicet
1416 1202 1702 1259 exterarum,
1733 1212 1909 1245 renun—

135 1278 386 1326 tiationem
419 1277 729 1326 constitutum
762 1276 933 1338 fuisse,
980 1282 1033 1325 at
1067 1279 1337 1327 concionem
1371 1283 1456 1327 aut
1488 1279 1693 1339 curiam,
1736 1278 1907 1339 quibus

134 1359 183 1406 in
216 1358 331 1406 locis
365 1358 520 1406 minus
552 1358 749 1405 honoris
784 1362 937 1418 esset,
985 1358 1048 1405 ad
1082 1372 1267 1419 earum,
1308 1372 1429 1419 quae
1474 1373 1503 1407 a
1545 1358 1715 1419 populo
1762 1363 1848 1406 aut
1879 1372 1908 1406 a

137 1443 308 1487 senatu
344 1438 670 1498 donabantur,
702 1452 843 1498 quum
878 1439 969 1485 hae
1001 1439 1152 1499 pluris
1185 1439 1565 1487 aestimarentur.

260 1519 561 1566 Postremum
603 1532 691 1578 per
735 1532 786 1565 se
829 1519 1031 1566 maxime
1064 1518 1256 1566 dubium
1292 1533 1396 1566 esse
1429 1519 1643 1579 videtur,
1680 1518 1905 1579 populum

134 1601 209 1649 ius
240 1599 575 1661 permittendi,
623 1603 678 1647 ut
711 1612 914 1647 coronae
950 1613 978 1647 a
1011 1612 1060 1647 se
1096 1599 1317 1647 decretae
1352 1600 1401 1647 in
1442 1599 1629 1647 theatro
1662 1599 1906 1647 renuntia-

132 1684 313 1741 rentur,
349 1693 546 1740 prorsus
579 1679 820 1727 abiecisse.
886 1679 980 1727 Sed
1012 1679 1138 1727 haud
1172 1680 1266 1727 scio
1300 1694 1361 1727 an
1393 1679 1519 1727 hunc
1552 1679 1703 1728 locum
1735 1679 1906 1740 proba—

132 1760 275 1809 bilius
323 1760 391 1807 sic
432 1759 654 1819 expedire
697 1759 942 1819 possimus
1019 1758 1305 1807 Coniicimus
1360 1759 1504 1820 enim,
1563 1759 1738 1819 prioris
1787 1758 1905 1819 legis

130 1844 257 1901 tum,
308 1853 450 1900 quum
491 1839 604 1886 data
653 1839 741 1899 sit,
793 1853 845 1887 re
888 1853 1001 1887 vera
1049 1839 1194 1887 fuisse
1241 1853 1347 1887 eam
1381 1840 1475 1886 vim
1509 1843 1559 1887 et
1602 1839 1902 1901 sententiam,

131 1935 273 1983 quam
301 1925 544 1969 auctorem
579 1920 783 1968 voluisse
817 1919 1075 1968 Aeschines
1110 1919 1309 1981 dicit2),
1341 1923 1511 1980 postea
1545 1923 1725 1980 autem,
1759 1933 1903 1980 quum

132 2006 329 2062 propter
362 2001 469 2048 illas
502 2001 902 2060 renuntiationes,
937 2015 1062 2061 quae
1097 2000 1285 2048 theatro
1316 2001 1580 2048 molestiam
1613 2000 1904 2060 exhiberent,

132 2082 209 2131 lex
239 2081 527 2141 Dionysiaca
561 2080 781 2141 daretur,
825 2094 1022 2128 coronas
1054 2080 1216 2141 populi
1251 2083 1301 2128 et
1341 2084 1536 2128 senatus
1568 2080 1672 2129 ideo
1707 2094 1800 2128 non
1834 2080 1904 2128 in-

130 2165 286 2210 sertas
319 2174 437 2221 esse,
473 2161 600 2221 quia,
634 2160 761 2221 quod
790 2161 852 2207 ad
888 2161 973 2208 has
1006 2160 1268 2220 attinebat,
1315 2160 1448 2207 nulla
1481 2173 1626 2208 causa
1659 2160 1903 2209 molestiae

129 2247 250 2290 erat.
315 2243 437 2289 Nam
501 2254 653 2301 usque
698 2240 761 2287 ad
807 2240 926 2288 illud
966 2245 1152 2301 tempus
1187 2241 1393 2288 fortasse
1425 2240 1632 2287 nondum
1680 2247 1906 2289 evenerat

129 2326 217 2371 aut
250 2327 381 2371 certe
416 2322 648 2370 usitatum
685 2335 778 2369 non
806 2321 989 2382 fuerat,
1032 2326 1088 2369 ut
1120 2313 1306 2369 nomen
1326 2320 1524 2369 alicuius
1554 2334 1583 2368 a
1610 2320 1788 2381 populo
1818 2325 1905 2369 aut

124 2419 154 2452 a
183 2408 353 2453 senatu
383 2404 597 2452 coronati
618 2403 666 2451 in
686 2403 876 2451 theatro
903 2405 1274 2451 renuntiaretur.
1340 2402 1493 2460 Quum
1516 2405 1674 2450 autem
1702 2416 1903 2450 coronae

82 2509 85 2512 ·
129 2500 159 2533 a
192 2485 368 2546 populo
400 2485 618 2533 decretae
661 2498 756 2532 non
789 2484 1018 2531 maiorem
1063 2484 1331 2531 molestiam
1367 2483 1577 2531 concioni
1609 2483 1902 2543 exhiberent,

126 2566 303 2626 quippe
347 2565 426 2625 qui
471 2565 531 2611 ad
576 2565 662 2612 has
704 2564 1050 2612 renuntiandas
1092 2565 1223 2612 locus
1268 2567 1395 2611 esset
1448 2563 1713 2623 legitimus,
1771 2564 1901 2612 nulla

124 2646 384 2703 necessitas
416 2645 685 2705 premebat,
717 2648 794 2704 ut,
831 2657 954 2704 quae
987 2645 1046 2692 de
1079 2645 1136 2692 iis
1169 2645 1272 2704 lege
1307 2644 1570 2692 constituta
1602 2648 1785 2705 essent,
1819 2645 1903 2692 ali-

123 2741 217 2789 quo
261 2726 401 2775 modo
453 2729 873 2775 commutarentur.
949 2726 1004 2774 Id
1047 2727 1173 2787 quod
1218 2725 1463 2774 Aeschinis
1505 2725 1607 2786 ipse
1651 2724 1901 2787 significat,

124 2822 269 2869 quum
303 2812 500 2856 enarrat
534 2807 581 2869 (ἓ
608 2807 713 2868 44):
855 2810 1161 2869 »νομοθέτης
1201 2810 1378 2868 τίθησι
1422 2805 1577 2868 νόμον
1610 2806 1760 2854 οὐδὲν
1795 2807 1901 2852 ἐπι-

124 2891 455 2936 κοινωνοῦντα
490 2891 561 2950 τῷ
591 2888 708 2950 περὶ
742 2891 841 2936 τῶν
875 2888 978 2936 ὑπὸ
1012 2890 1103 2935 τοῦ
1129 2886 1290 2951 δήμου
1313 2893 1729 2951 στεφανουμένων
1749 2884 1899 2948 νόμῳ,

124 2967 239 3018 οὔτε
271 2970 426 3025 λύσας
459 2972 658 3017 ἐκεῖνον·
693 2970 812 3016 οὐδὲ
848 2970 940 3030 γάρ
969 2970 1000 3031 ἡ
1035 2970 1268 3033 ἐκκλησία
1312 2969 1604 3032 ἠνωχλεῖτο,
1638 2972 1757 3016 etc.«
1824 2969 1899 3016 Ita

232 3154 276 3202 1)
309 3151 368 3194 ct.
397 3152 597 3194 Schaefer
624 3152 700 3205 III,
728 3151 816 3193 203.
898 3153 937 3202 2)
966 3150 1002 3203 ξ.
1033 3151 1095 3192 33.
