2063 3494
983 113 1049 162 5ss

120 267 368 328 reliquisse
403 268 597 317 videtur
617 269 670 329 ¹).
751 269 989 330 Cephalus
1033 277 1190 321 autem
1237 277 1286 321 et
1331 272 1388 320 de
1431 274 1675 334 republica
1719 273 1895 335 optime

118 348 323 396 meritus
356 352 463 397 erat
495 353 544 397 et
577 363 758 398 summa
790 351 1030 411 probitate
1052 366 1109 401 ac
1128 353 1256 400 vitae
1279 353 1556 413 integritate
1579 353 1809 403 floruerat
1827 352 1895 417 ²).

121 428 278 476 Etiam
313 429 470 489 aptius
512 429 574 476 ad
609 431 996 489 persuadendum
1031 432 1288 481 Aeschines
1332 433 1549 481 adiunxit
1582 435 1785 483 alterum
1818 447 1898 481 ex-

120 509 340 570 emplum,
373 510 498 570 quod
531 509 588 557 de
613 510 898 571 Thrasybuli
933 513 1240 561 damnatione
1274 518 1360 573 est,
1395 515 1529 563 cuius
1562 516 1622 563 de
1653 515 1897 575 republica

118 603 291 648 magna
319 589 494 637 merita
526 589 653 638 illius
689 591 971 651 aequalibus
993 593 1041 640 in
1063 593 1243 640 recenti
1263 594 1470 654 quadam
1493 595 1718 642 memoria
1739 594 1899 653 fuisse,

117 683 175 715 ex
207 668 373 716 multis
402 669 659 717 multorum
694 675 937 719 orat-orum
977 671 1093 720 locis
1126 686 1406 733 cognoscere
1439 673 1565 720 licet.
1631 672 1735 721 Hoc
1768 660 1893 721 enim

117 749 331 807 graviter
370 748 645 808 confirmat,
691 754 835 798 antea
878 764 973 799 non
1016 752 1156 800 modo
1196 753 1494 801 adversarios
1539 757 1626 800 aut
1669 752 1898 813 inimicoS,

118 828 203 875 sed
244 828 388 875 etiam
432 829 606 876 amicos
637 829 767 876 litem
802 831 1088 890 intendisse,
1131 832 1170 879 si
1212 833 1337 892 quis,
1379 832 1508 892 quod
1553 835 1720 878 contra
1766 831 1895 891 leges

119 910 262 968 esset,
295 908 577 968 rogavisset,
612 912 660 956 et
691 909 870 957 iudices
904 923 1057 971 neque
1092 911 1179 958 viri
1211 911 1445 971 dignitate
1469 925 1623 972 neque
1655 910 1895 959 beneficiis

116 988 163 1035 in
198 988 533 1049 rempublicam
564 1001 716 1049 neque
750 988 844 1036 ulla
879 988 974 1036 alia
1012 1004 1089 1050 re,
1136 994 1192 1038 ut
1226 1004 1332 1039 eum
1364 991 1695 1052 absolverent,
1727 989 1898 1039 adduci

115 1069 340 1128 potuisse.

246 1150 347 1197 Iam
389 1163 519 1209 ver0,
554 1149 679 1209 quod
712 1149 967 1198 Aeschines
1001 1150 1183 1199 iudices
1218 1150 1460 1210 sollicitat,
1494 1164 1553 1198 ne
1584 1150 1900 1211 Ctesiphonti,

116 1233 171 1277 ut
202 1229 571 1293 Demosthenem
606 1229 842 1278 adsciscat.
873 1231 1486 1292 patronum‚·permittant,
1523 1231 1623 1291 sed,
1654 1235 1708 1279 ut
1741 1231 1896 1279 solum

116 1309 249 1357 illum
284 1323 335 1357 se
369 1307 620 1358 defendere
661 1311 881 1371 iubeant,
928 1324 1142 1358 summae
1185 1311 1451 1371 iniquitatis
1495 1315 1645 1371 atque
1690 1310 1896 1359 invidiae

116 1403 221 1437 esse
254 1390 457 1438 videtur·
504 1404 651 1450 quare
696 1404 792 1437 nou
827 1392 897 1438 ita
930 1391 1141 1450 ineptum
1185 1392 1272 1450 sit,
1314 1392 1567 1452 suspicari,
1615 1391 1895 1451 gravissimo

117 1482 261 1517 sensu
300 1469 573 1517 offensionis
617 1473 702 1517 aut
743 1470 992 1517 molestiae
1035 1470 1142 1518 illos
1187 1474 1344 1518 motos
1377 1484 1496 1519 esse.
1562 1470 1675 1530 Sed,
1720 1471 1762 1518 si
1793 1484 1894 1518 rem

116 1550 388 1598 accuratius
422 1551 717 1617 quaesiveris
751 1550 1045 1611 aliorumque
1071 1552 1340 1599 Atticorum
1371 1555 1616 1599 oratorum
1649 1551 1890 1599 orationes

115 1631 484 1691 comparaveriS,
517 1631 604 1679 hoc
633 1631 824 1679 minime
857 1631 1137 1680 abhoruisse
1169 1646 1198 1680 a
1231 1631 1576 1680 consuetudine
1611 1631 1893 1680 iudiciorum

115 1712 343 1758 invenies.
410 1712 710 1771 Quamquam
742 1712 866 1758 enim
899 1712 1025 1758 inter
1058 1725 1109 1758 se
1141 1711 1440 1771 litigantihus
1475 1725 1745 1759 concessum
1776 1715 1893 1770 erat,

114 1795 168 1839 ut
200 1792 462 1839 advocatos
496 1795 546 1839 et
579 1795 811 1851 patronos
842 1793 901 1838 ad
926 1791 1149 1839 iudicium
1182 1805 1341 1839 secum
1365 1790 1670 1851 deducerent,
1701 1791 1750 1838 in
1777 1804 1895 1838 una-

115 1885 306 1932 quaque
341 1875 501 1919 tamen
535 1884 702 1932 causa,
745 1874 907 1919 utrum
940 1870 1015 1919 his
1049 1870 1193 1919 verba
1224 1870 1380 1919 facere
1414 1870 1603 1932 liceret,
1639 1884 1800 1931 necne,
1833 1884 1891 1919 ex

115 1952 315 1999 arbitrio
347 1951 554 1999 iudicum
585 1950 840 2012 pendebat.
916 1951 970 1998 Id
1004 1950 1135 2011 quod
1170 1950 1307 1998 multi
1339 1950 1430 1998 loci
1462 1954 1707 1998 oratorum
1737 1950 1893 1999 decla-

113 2036 227 2079 rant
244 2034 303 2092 ⁸).
368 2032 539 2091 Itaque
572 2045 667 2078 non
702 2031 771 2078 ita
803 2031 973 2078 mirum
998 2044 1102 2079 esse
1136 2031 1339 2091 videtur,
1373 2031 1497 2090 quod
1523 2034 1690 2078 orator
1713 2031 1891 2079 iudices

113 2112 346 2173 repellere
368 2112 542 2172 studet,
574 2125 633 2159 ne
651 2111 916 2159 adversarii
933 2115 1167 2171 patronos
1201 2110 1476 2159 admittant.
1540 2110 1700 2171 Atque
1722 2110 1891 2159 eadem

112 2197 272 2240 mente
306 2193 433 2240 dicta
463 2196 591 2252 sunt,
625 2206 748 2252 quae
782 2192 982 2251 legimus
1016 2192 1145 2251 apud
1178 2191 1543 2239 Demosthenem
1574 2191 1624 2238 in
1658 2192 1894 2251 oratione,

113 2287 253 2335 quam
306 2278 475 2322 contra
527 2272 843 2321 Timocratem
894 2271 1177 2332 conscripsit
1193 2270 1259 2333 ⁴).
1356 2270 1525 2320 Mirari
1576 2284 1651 2333 se,
1704 2270 1800 2332 ait,
1850 2271 1893 2320 si

114 2355 404 2401 Timocrates
436 2354 781 2421 impudentiam
816 2357 1129 2412 suscepturus
1163 2354 1227 2399 sit
1248 2351 1587 2399 Androtionem
1609 2351 1888 2412 advocandi,

110 2435 186 2483 hic
217 2449 331 2483 vero
367 2435 592 2495 surgendi
623 2441 769 2494 atque
801 2432 1002 2480 dicendi.

239 2516 469 2575 Sequitur
502 2515 659 2562 brevis
691 2513 983 2561 enumeratio
1019 2525 1231 2560 summae
1265 2525 1449 2569 rerum,
1489 2525 1610 2571 quae
1653 2512 1702 2558 in
1748 2524 1890 2570 argu-

113 2595 407 2644 mentatione
452 2599 691 2643 tractatae
744 2596 897 2641 erant.
985 2593 1091 2651 Qua
1148 2591 1433 2652 repetitione
1484 2603 1579 2638 non
1629 2594 1727 2638 tam
1774 2590 1894 2639 illud

113 2676 372 2724 Aeschines
407 2679 620 2736 spectat,
664 2678 722 2721 ut
767 2688 843 2721 res
874 2674 1005 2733 ipsas
1038 2673 1088 2719 in
1128 2672 1333 2719 iudicum
1356 2671 1647 2734 ‘memoriam
1689 2672 1894 2732 redigat,

110 2772 277 2819 quam,
321 2762 375 2806 ut
416 2756 620 2817 ordinis,
666 2769 757 2817 quo
792 2754 979 2814 singula
1015 2752 1331 2802 accusationis
1366 2751 1524 2812 capita
1556 2751 1778 2813 deinceps
1811 2767 1895 2801 ex-

112 2838 394 2898 plicaverat,
423 2836 543 2886 bene
575 2848 810 2885 memores
845 2834 913 2883 illi
945 2834 1063 2896 sint3
1097 2832 1238 2895 idque
1272 2846 1327 2882 eo
1358 2833 1535 2894 magiS,
1568 2846 1714 2894 quum
1747 2832 1891 2881 alium

216 2970 257 3016 1)
298 2967 349 3007 cf.
385 2966 593 3006 Schaefer.
633 2965 674 3016 1,
711 2977 752 3015 p.
797 2965 1014 3004 159—164.
1083 2966 1127 3012 2)
1168 2963 1218 3003 cf.
1256 2962 1464 3002 Schaefer.
1503 2962 1543 3011 Ι,
1580 2974 1621 3011 p.
1664 2961 1886 3000 127—128.

107 3033 146 3080 3)
177 3031 266 3079 Qua
304 3031 355 3071 de
395 3044 441 3071 re
479 3030 591 3081 vide,
632 3043 737 3081 quae
771 3030 1018 3070 Schaeferus
1058 3029 1260 3079 exposuit,
1299 3028 1330 3079 I,
1369 3032 1458 3079 311,
1497 3040 1591 3068 cum
1626 3026 1886 3078 testimoniis,

109 3109 215 3147 quae
247 3095 379 3136 affert.
437 3097 481 3146 4)
509 3098 531 3145 &Z
565 3096 676 3134 158—
698 3097 783 3134 159.
