2063 3494
1024 119 1056 169 9

161 280 518 330 Accusationem
552 282 712 328 autem
747 280 935 328 nomine
976 278 1162 340 quidem
1195 280 1363 325 contra
1398 275 1755 336 Ctesiphontem
1789 277 1925 325 insti—

156 364 309 409 tutam
342 373 469 420 esse,
501 359 585 407 sed
615 373 668 407 re
700 374 812 407 vera
843 360 893 407 id
920 361 1179 419 spectasse,
1210 360 1277 417 ut,
1308 370 1402 416 qua
1432 355 1527 403 fide
1562 359 1612 403 et
1643 357 1926 403 auctoritate

156 442 204 489 in
249 439 490 501 republica
542 439 804 500 frueretur,
867 437 1212 487 Demosthenes
1268 437 1562 497 privaretur,
1620 437 1698 485 vix
1753 436 1927 484 attinet

157 520 326 568 dicere.
1009 531 1014 533 ·

281 599 389 648 Jam
424 613 551 661 vero,
586 612 706 660 quae
739 600 904 646 contra
937 597 1113 645 malum
1146 597 1276 646 illum
1298 611 1474 646 morem
1497 596 1545 645 in
1572 595 1923 644 deliberationi-

159 680 247 728 bus
294 681 459 740 populi
505 684 555 727 et
608 683 805 727 senatus
852 681 1094 738 receptum
1154 678 1345 737 prolata
1404 682 1536 737 sunt,
1596 690 1698 724 cum
1755 689 1927 734 magna

159 759 486 808 moderatione
520 762 634 808 sunt
669 759 812 807 dicta.
855 758 963 806 Non
993 757 1132 806 modo
1167 758 1244 806 ille
1267 758 1539 819 simpliciter
1562 758 1623 806 ad
1649 758 1923 805 veritatem-

159 851 252 899 que
288 839 582 899 describitur,
614 839 699 887 sed
733 838 879 886 etiam
912 838 1017 898 ipsa
1047 838 1307 897 descriptio
1338 852 1368 886 a
1400 838 1541 887 verbo
1567 837 1762 898 optandi
1786 849 1926 884 exor-

158 918 314 966 ditur:
352 917 701 979 »ἐβουλόμην«.
777 917 929 978 Optat
962 922 1123 966 autem
1157 919 1437 979 AeschineS,
1484 922 1539 966 ut
1578 918 1721 965 aliter
1762 931 1838 964 res
1871 930 1926 964 se

156 998 346 1059 habeat,
383 1003 439 1046 ut
470 999 659 1047 meliore
692 998 794 1047 loco
828 1000 926 1047 sint
957 1011 1040 1047 eae
1072 1012 1162 1057 reS,
1196 1003 1250 1046 ut
1281 998 1513 1046 modestia
1539 998 1806 1057 ordinisque
1838 997 1923 1044 ob-

157 1078 379 1137 servatio,
412 1091 536 1138 quae
568 1081 711 1125 antea
743 1078 791 1125 in
823 1077 1092 1125 oratoribus
1127 1078 1283 1138 fuerit,
1317 1078 1659 1129 etiamnuncin
1681 1076 1922 1136 republica

155 1158 332 1218 vigeat.
406 1158 494 1219 Et,
537 1171 678 1219 quum
716 1172 861 1219 porro
902 1158 1036 1206 dicit:
1093 1155 1250 1204 »οὕτω
1281 1158 1374 1219 γάρ
1419 1155 1486 1205 ἄν
1527 1174 1611 1218 μοι
1657 1157 1798 1204 δοκεῖ
1837 1154 1921 1219 ἤτε

157 1237 297 1293 πόλις
329 1235 511 1300 ἄριστα
545 1238 847 1286 διοικεῖσθαι
876 1241 1012 1300 etc«,
1050 1238 1176 1299 quod
1212 1238 1299 1286 sibi
1332 1238 1389 1286 de
1423 1252 1479 1286 ea
1512 1252 1563 1286 re
1597 1238 1837 1299 videatur,
1872 1237 1921 1285 id

159 1333 210 1367 se
232 1333 324 1367 non
345 1319 610 1367 firmissime
634 1333 923 1379 asseverare,
954 1319 1187 1379 exprimit.
1248 1319 1403 1376 Quid?
1430 1319 1574 1379 quod,
1605 1332 1750 1378 quum
1777 1318 1920 1378 paulo

156 1397 278 1445 infra
305 1398 444 1458 dicat,
475 1399 598 1446 illius
620 1412 777 1446 rerum
794 1398 1163 1459 perturbationis
1188 1398 1471 1458 reipublicae
1498 1401 1596 1446 tam
1626 1397 1920 1458 perniciosae

159 1477 339 1526 nullum
379 1478 503 1525 aliud
546 1478 760 1525 relictum
803 1491 907 1525 esse
960 1477 1240 1537 remedium,
1299 1478 1390 1525 nisi
1434 1478 1720 1525 violaturum
1763 1477 1919 1536 legum

157 1558 383 1617 actiones,
407 1560 567 1606 tamen
579 1558 673 1606 vim
686 1557 934 1606 verborum
956 1557 1146 1619 mitigat
1162 1557 1405 1606 addendo:
1431 1557 1524 1605 εἴτι
1542 1557 1676 1618 κᾶγω*
1694 1557 1918 1619 τυγχάνω

156 1636 476 1698 γιγι·ώσκων«.
544 1638 644 1696 Quo
679 1638 790 1698 quid
821 1638 1135 1697 moderatius,
1175 1638 1287 1698 quid
1311 1639 1609 1686 modestius‘.>
1671 1638 1744 1685 Ad
1780 1638 1918 1686 fidem

157 1732 268 1766 vero
303 1722 353 1766 et
382 1718 629 1766 veritatem
671 1732 849 1766 morem
890 1733 996 1766 eum
1043 1720 1232 1766 omnino
1266 1718 1551 1778 descriptum
1589 1732 1712 1779 esse,
1758 1732 1921 1778 quam-

158 1812 297 1860 quam
331 1798 537 1847 fortasse
572 1812 625 1847 re
656 1798 918 1859 paullulum
948 1803 1111 1859 aucta,
1152 1802 1201 1847 et
1233 1799 1384 1846 multa
1415 1798 1649 1860 exempla,
1693 1812 1816 1860 quae
1858 1799 1920 1846 de

155 1879 567 1926 administratione
610 1879 967 1926 Atheniensium
1011 1879 1297 1938 reipublicae
1341 1879 1521 1926 tradita
1564 1883 1695 1939 sunt,
1743 1883 1813 1939 et,
1864 1883 1919 1928 ut

157 1958 252 2006 alia
300 1958 542 2019 omittam,
587 1958 679 2006 duo
732 1958 1061 2006 Demosthenis
1111 1959 1386 2006 testimonia
1432 1959 1654 2018 probant.
1736 1959 1918 2007 Horum

158 2053 305 2087 unum
353 2043 428 2087 est
470 2039 520 2086 in
555 2039 767 2087 oratione
811 2039 1037 2087 adversus
1073 2039 1386 2087 Timocratem
1424 2039 1486 2101 (ξ.
1524 2041 1805 2101 142-143),
1839 2040 1920 2088 ubi

159 2123 324 2170 orator
352 2120 591 2179 queritur,
636 2133 800 2168 omnes
840 2133 919 2167 res
961 2133 1047 2180 pro
1090 2120 1291 2168 arbitrio
1333 2124 1577 2168 oratorum
1609 2121 1712 2180 geri
1746 2134 1923 2181 eosque

158 2199 356 2258 singulis
402 2199 502 2246 fere
551 2199 788 2247 mensibus
837 2213 984 2247 novas
1028 2200 1160 2259 leges
1208 2214 1235 2247 e
1285 2214 1373 2248 sua
1420 2214 1498 2260 re,
1557 2201 1765 2249 civitatis
1814 2215 1920 2249 cum

159 2278 442 2327 detrimento
476 2277 701 2339 perferre,
734 2279 958 2340 antiquas
988 2293 1099 2328 vero
1126 2285 1174 2328 et
1195 2284 1436 2340 spectatas
1459 2280 1638 2329 tollere.
1704 2281 1921 2329 Alterum

157 2359 333 2419 legitur
368 2359 415 2405 in
447 2359 662 2406 oratione
697 2363 863 2408 contra
895 2359 1236 2407 Androtionem
1272 2359 1337 2422 (ξ.
1364 2359 1463 2422 37),
1496 2361 1576 2409 ubi
1607 2361 1762 2409 verbis
1788 2361 1833 2408 εἰ
1864 2362 1922 2408 δὲ

212 2476 248 2486 ..
284 2437 714 2501 α’παλλαγήσεσθὲ
749 2440 1065 2500 significatur,
1098 2445 1312 2488 senatum
1346 2442 1547 2488 coitione
1580 2442 1784 2500 quadam
1816 2456 1923 2489 ora-

156 2522 313 2568 torum
344 2520 458 2580 regi.
525 2519 626 2568 Hoc
656 2519 846 2580 quidem
880 2532 1081 2580 aequum
1115 2534 1209 2568 non
1241 2524 1358 2583 erat,
1390 2521 1669 2570 Aeschinem
1693 2521 1921 2570 adunam

158 2614 357 2659 eamque
407 2601 497 2647 sibi
540 2589 865 2648 adversariam
912 2605 1098 2660 partem
1145 2602 1275 2649 illum
1334 2615 1510 2649 morem
1558 2602 1759 2662 referre,
1809 2603 1921 2662 quia

159 2679 365 2727 omnium
397 2679 607 2739 partium
646 2685 883 2742 oratoreS,
932 2684 988 2729 ut
1030 2694 1173 2741 penes
1217 2695 1454 2742 quamque
1504 2681 1757 2729 dominatio
1802 2686 1925 2742 erat,

157 2773 338 2808 summa
369 2759 560 2807 licentia
589 2761 871 2822 utebantur,
916 2762 1121 2821 populus
1156 2766 1338 2822 autem,
1372 2766 1427 2809 ut
1457 2762 1504 2808 in
1535 2775 1768 2822 quamque
1806 2762 1922 2811 bene

157 2841 396 2890 animatus
430 2843 559 2900 erat,
590 2840 878 2901 patiebatur.

282 2921 448 2982 Neque
481 2934 591 2969 vero
623 2923 741 2971 satis
775 2914 880 2972 erat
911 2922 1135 2972 Aeschini
1164 2937 1257 2971 non
1291 2922 1440 2971 videri
1473 2936 1559 2971 sua
1592 2923 1803 2972 utilitate
1838 2928 1924 2973 aut

159 3015 245 3051 sua
290 3002 534 3051 inimicitia
578 3007 855 3051 commotum
902 3004 1246 3052 accusationem
1296 3004 1587 3064 instituisse,
1645 3005 1728 3053 sed
1781 3005 1926 3053 etiam

157 3082 463 3131 indicandum
505 3089 637 3145 erat,
681 3098 800 3145 quae
833 3098 998 3133 revera
1030 3090 1159 3132 esset
1191 3098 1360 3144 causa,
1403 3099 1486 3132 cur
1515 3084 1577 3132 ad
1610 3085 1925 3134 accusandum
