2063 3494
1003 186 1025 208 c

1002 185 1073 236 A)

148 346 235 394 Oui
264 343 547 405 expositioni
577 343 695 391 scite
726 340 949 405 adiungit
980 343 1070 393 hoc
1104 347 1435 403 argumentum
1466 359 1523 392 ex
1557 357 1758 408 minore,
1789 359 1919 407 quon
1982 361 1987 366 ·

145 430 343 475 vocant:
394 424 550 482 Quum
595 437 682 484 per
725 422 856 484 leges
901 438 993 473 non
1032 425 1196 484 liceat,
1243 438 1348 472 eum
1382 438 1565 473 corona>
1590 427 1794 489 donare,
1839 428 1917 487 qui

146 506 350 555 cuiusvis
396 504 630 564 muneris,
678 504 808 564 quod
849 508 1011 564 gerat,
1059 505 1268 552 rationes
1315 519 1408 552 non
1452 506 1698 568 retulerit,
1741 511 1920 569 quanto

144 588 300 634 minus
338 599 446 633 eum
483 584 617 645 licet,
673 584 755 644 qui
808 598 963 645 paene
1014 585 1172 632 omnia
1224 584 1508 646 reipublicae
1552 600 1748 636 munera
1793 602 1918 638 com-

143 667 385 728 plectatur
418 678 676 724 eorumque
705 665 916 714 rationes
948 678 1045 713 non
1078 666 1333 715 retulerit?
1363 665 1415 728 (ἓ
1448 665 1549 727 26).
1610 660 1620 669 '

272 747 503 807 Sequitur
534 745 742 793 alterum
776 746 1078 807 enthymema
1096 744 1161 808 ¹),
1198 760 1288 807 quo
1322 745 1603 795 refelluntur
1631 746 1763 809 haec,
1796 760 1918 808 quae

146 826 413 878 adversarii
471 825 704 873 obiecturi
751 825 875 886 sint,
930 825 1322 887 Demosthenem,
1370 827 1497 887 quod
1536 836 1657 875 ‘non
1709 827 1919 876 universi

142 908 322 970 populi,
358 906 442 954 sed
477 910 668 953 tantum
703 906 946 953 tribulium
979 905 1219 964 suffragiis
1254 911 1450 953 curator
1478 908 1626 955 muris
1649 907 1917 956 reficiendis

144 993 334 1038 creatus
383 990 538 1047 esset,
593 1000 687 1034 non
737 986 786 1033 in
819 986 1186 1046 magistratuum
1214 1000 1412 1035 numero
1456 987 1604 1036 fuisse
1637 988 1915 1037 habendum.

145 1069 334 1116 »Etiam
365 1068 411 1127 ii,
443 1067 525 1127 qui
558 1080 588 1113 a
614 1065 837 1114 tribubus
870 1071 920 1113 et
951 1066 1090 1125 pagis
1124 1065 1186 1113 ad
1219 1067 1443 1126 pecunias
1476 1067 1687 1127 publicas
1716 1068 1917 1117 admini-

140 1149 365 1198 strandas
411 1148 559 1195 creati
607 1151 745 1207 sunt,
793 1146 843 1193 in
889 1145 1251 1206 magistratibus
1305 1151 1417 1195 sunt
1460 1147 1711 1196 habendi«.
1786 1149 1917 1198 Haec

139 1229 401 1291 propositio
447 1240 677 1287 expressa
717 1231 793 1273 est
838 1226 885 1273 in
932 1226 987 1287 gg
1018 1230 1077 1274 29
1124 1230 1173 1274 et
1209 1231 1269 1275 30
1310 1232 1360 1276 et
1399 1229 1575 1288 partim
1618 1229 1822 1289 repetita
1864 1229 1913 1276 in

140 1310 166 1371 ξ
201 1314 256 1357 31
293 1309 397 1356 init.
473 1307 654 1355 Ibidem
688 1306 902 1366 sequitur
937 1307 1228 1367 assumptio:
1275 1308 1452 1368 »Atqui
1485 1307 1848 1369 DemostheneS,
1883 1322 1914 1356 a

141 1388 439 1439 Pandionide
471 1386 602 1436 tribu
636 1390 832 1435 curator
863 1386 1013 1441 muris
1040 1386 1306 1436 reficiendis
1328 1386 1519 1448 electuS,
1548 1387 1706 1436 decem
1730 1388 1915 1437 talenta

139 1472 200 1519 de
243 1470 430 1517 aerario
465 1469 768 1528 acceperat«.
846 1467 1095 1514 Conclusio
1141 1469 1407 1528 supplenda
1454 1473 1529 1516 est
1563 1469 1703 1517 haec:
1755 1469 1912 1530 »Ergo

137 1551 484 1600 Demosthenes
517 1549 566 1597 in
609 1547 973 1608 magistratibus
1007 1553 1113 1596 erat
1145 1548 1435 1602 habendus«.
1513 1549 1601 1597 His
1634 1550 1914 1598 rursusad-

138 1646 285 1681 nexus
325 1634 400 1679 est
445 1629 645 1689 simplex
688 1628 989 1689 syllogismus
1038 1628 1302 1689 oratoriuS,
1350 1629 1431 1690 qui
1476 1628 1584 1677 finis
1628 1643 1683 1677 ac
1730 1643 1912 1678 summa

138 1714 287 1761 totius
333 1710 762 1770 argumentationis
808 1712 895 1756 est.
970 1708 1240 1769 Propositio
1285 1709 1402 1758 haec
1444 1714 1540 1758 est:
1593 1712 1722 1758 »Lex
1761 1715 1910 1773 vetat,

135 1808 258 1854 eum,
288 1793 383 1853 qui,
417 1804 562 1851 quum
582 1790 915 1849 magistratum
936 1794 1086 1849 gerat,
1118 1790 1328 1838 rationes
1351 1803 1447 1837 non
1467 1790 1701 1853 retulerit,
1731 1805 1906 1840 corona

136 1875 350 1923 donari«.
416 1871 712 1931 Assumptio:
759 1871 936 1930 »Atqui
973 1869 1233 1930 Ctesiphon
1273 1870 1440 1918 scitum
1472 1870 1606 1932 fecit,
1652 1877 1706 1920 ut
1740 1872 1910 1921 Demo-

135 1955 353 2014 stheneS,
392 1966 537 2013 quum
571 1952 783 1998 rationes
815 1950 1022 1998 nondum
1062 1951 1332 2011 retulisset,
1375 1964 1550 1999 corona
1598 1951 1906 2001 donaretur«.

135 2035 410 2084 Conclusio:
448 2032 607 2091 »Ergo
633 2031 889 2090 Ctesiphon
913 2031 1084 2079 scitum
1105 2030 1230 2091 fecit,
1266 2031 1393 2091 quod
1416 2020 1582 2079 contra
1609 2032 1762 2092 legem
1783 2037 1905 2082 est«.

260 2113 445 2173 Quodsi
499 2113 607 2172 quis
664 2115 816 2158 totam
870 2111 1301 2170 argumentationis
1349 2111 1582 2159 rationem
1630 2112 1907 2173 consideret,
1969 2167 1973 2171 ⁴

130 2197 299 2244 mirum
333 2207 437 2243 esse
473 2193 712 2252 videatur,
755 2191 885 2252 quod
919 2190 1202 2251 Aeschines,
1245 2195 1324 2252 ut,
1359 2191 1670 2240 Demostheni
1697 2193 1907 2241 rationes

130 2275 406 2325 referendas
438 2273 611 2334 fuisse,
661 2272 914 2333 probaret,
958 2276 1192 2332 apparatu
1237 2271 1441 2331 quodam
1479 2272 1626 2320 trium
1657 2286 1907 2333 argumen-

138 2364 299 2407 torum
342 2369 458 2403 usus
514 2355 602 2415 sit,
652 2367 797 2413 quum
840 2357 926 2400 aut
969 2352 1120 2400 solum
1176 2352 1460 2412 epichirema
1502 2356 1586 2401 aut
1627 2357 1755 2402 certe
1799 2368 1906 2403 cum

130 2439 293 2499 priore
328 2435 680 2495 enthymemate
715 2432 998 2492 suffecisset,
1040 2436 1127 2479 aut
1161 2432 1307 2479 etiam
1338 2432 1413 2493 id,
1455 2433 1583 2492 quod
1612 2432 1904 2482 efficiendum

130 2522 262 2576 erat,
303 2530 396 2564 uno
442 2515 600 2574 aliquo
644 2518 927 2573 argumento
976 2511 1310 2572 comprehendi
1340 2514 1594 2571 potuisset.
1661 2513 1804 2574 Nam,
1850 2518 1906 2562 ut

129 2611 276 2658 supra
308 2595 645 2654 indicavimus,
688 2592 1025 2654 epichiremate
1058 2591 1147 2640 hoc
1189 2592 1391 2640 maxime
1424 2592 1681 2653 probatur,
1722 2593 1772 2640 in
1807 2607 1903 2655 quo

132 2692 317 2727 summa
352 2675 701 2725 controversiae
741 2678 985 2733 versatur,
1026 2673 1337 2721 Demostheni
1378 2673 1590 2720 rationes
1634 2673 1904 2722 referendas

129 2760 302 2819 fuisse,
348 2762 397 2806 et
438 2756 612 2817 prioris
645 2754 1009 2816 enthymematis
1044 2754 1162 2802 haec
1195 2753 1411 2814 inprimis
1445 2754 1516 2802 vis
1549 2758 1646 2808 est,
1692 2759 1745 2803 ut
1778 2755 1903 2805 idem

130 2840 467 2901 magistratum
513 2836 718 2897 gessisse
764 2838 1071 2895 coarguatur.
1148 2833 1326 2892 Quibus
1369 2834 1511 2882 rebus
1554 2837 1902 2895 argumentatio

128 2922 199 2967 ita
233 2919 452 2966 absoluta
487 2931 592 2965 esse
625 2915 827 2976 videtur,
859 2920 915 2963 ut
945 2916 1087 2975 plane
1118 2914 1235 2962 nihil
1267 2915 1312 2962 ei
1347 2915 1494 2975 desit,
1526 2919 1670 2975 atque
1703 2930 1755 2963 re
1786 2930 1902 2964 vera

128 3000 394 3061 posteriore
427 2997 777 3059 enthymemate
810 2995 928 3043 nihil
961 2995 1069 3043 novi
1104 2994 1316 3055 nihilque
1347 2994 1475 3043 aliud
1497 2994 1711 3056 efficitur,
1748 3009 1903 3057 quam,

236 3183 636 3237 ngas-331.
