2063 3494
1005 74 1071 126 31

154 235 342 298 quidem
374 236 655 297 persuaderi
689 249 778 285 non
813 239 990 299 potest,
1023 234 1386 284 Demosthenem
1419 232 1470 279 in
1503 245 1556 280 re
1587 232 1789 281 maxime
1821 247 1922 282 ma-

156 317 330 365 nifesta
362 321 461 364 tam
493 317 703 377 graviter
734 331 929 377 peccare
969 316 1213 377 potuisse,
1257 313 1342 361 sed
1384 312 1544 372 potius
1589 313 1923 374 existimamuS,

155 398 197 445 si
231 411 283 444 re
329 411 442 444 vera
474 398 717 445 Aeschinis
761 396 1114 456 argumentatio
1159 408 1283 441 vana
1325 408 1382 441 ac
1423 393 1546 441 falsa
1589 393 1756 441 fuisset
1798 394 1925 441 etin

154 478 506 538 corrumpendis
539 491 596 525 ac
623 477 759 539 quasi
792 476 1098 524 decurtandis
1130 475 1312 535 legibus
1333 476 1458 534 nixa,
1492 488 1614 533 eum,
1645 473 1707 521 ad
1742 474 1922 522 iudices

155 573 452 620 conversum,
495 573 658 607 omnes
694 557 831 606 dolos
874 557 1135 605 adversarii
1177 556 1433 604 involucris
1478 553 1783 603 artificiorum
1817 569 1925 603 evo-

153 638 279 688 lutos
312 638 612 700 nudatosque
645 641 921 699 aperturum
945 640 995 686 et
1023 636 1140 686 haec
1165 636 1264 685 fere
1287 635 1432 684 verba
1454 635 1731 683 additurum
1756 634 1921 683 fuisse:

157 719 390 771 »Vidi-tis.
434 719 634 776 iudiceS‚
681 718 797 765 haec
829 719 986 765 omnia
1020 717 1162 765 istum
1196 717 1430 764 hominem
1477 716 1618 775 plane
1650 716 1844 763 finxisse
1876 720 1925 763 et

153 788 450 860 impudenter
496 799 775 847 ementitum
807 812 923 847 esse.
988 797 1171 856 Quodsi
1204 797 1314 846 talis
1349 801 1423 846 est
1455 797 1503 845 in
1535 796 1699 857 rebuS,
1738 810 1861 858 quae
1893 809 1923 844 a

155 892 344 940 quoque
375 878 593 938 cognosci
625 892 680 925 ac
712 878 917 938 perspici
949 881 1162 938 possunt,
1196 877 1308 938 quid
1341 891 1449 925 eum
1482 891 1647 925 ausum
1677 891 1781 925 esse
1818 891 1925 925 cen-

155 960 297 1019 setiS,
336 972 478 1019 quum
514 973 590 1006 res
619 959 904 1018 praeteritas
938 958 1226 1018 exponebat,
1272 971 1469 1017 quarum
1502 961 1677 1016 natura
1710 971 1767 1005 ac
1800 958 1922 1005 ratio

153 1040 250 1087 iam
281 1042 402 1100 tum,
445 1052 585 1099 quum
619 1037 926 1098 gerebantur,
965 1037 1199 1086 difficilius
1234 1038 1436 1098 intelligi
1468 1038 1720 1098 poterat?«
1788 1037 1921 1095 Quod

153 1124 309 1168 autem
354 1119 527 1167 attinet
570 1120 631 1166 ad
673 1119 861 1166 levioris
890 1119 1115 1166 momenti
1158 1120 1368 1167 rationes
1403 1132 1553 1179 neque
1585 1118 1647 1165 ad
1680 1123 1825 1179 caput
1852 1119 1921 1167 rei

153 1201 472 1261 pertinentes,
517 1213 600 1260 ca,
642 1212 766 1260 quae
808 1198 886 1247 ille
931 1199 990 1247 de
1034 1199 1351 1259 superioribus
1401 1199 1828 1248 renuntiationibus
1872 1200 1920 1247 in

155 1281 343 1328 theatro
366 1279 504 1326 factis
531 1277 727 1345 profert,
761 1279 855 1326 iam
877 1292 1017 1339 supra
1038 1278 1281 1338 disputata
1301 1275 1428 1326 suntss
1494 1279 1545 1327 Si
1568 1293 1677 1327 vero
1699 1280 1920 1327 Aeschini

153 1361 325 1421 obiicit,
359 1361 627 1420 quicunque
660 1374 882 1408 coronam
913 1360 1127 1420 accipiat,
1161 1360 1262 1408 eius
1298 1360 1414 1408 nihil
1443 1374 1638 1420 prorsus
1669 1362 1918 1423 interesse,

152 1448 245 1502 quo
278 1440 379 1489 loco
413 1443 462 1487 et
494 1453 650 1487 coram
683 1439 852 1500 quibus
884 1438 1146 1487 hominibus
1180 1440 1405 1500 accipiat,
1450 1442 1555 1500 quis
1593 1444 1690 1501 est,
1732 1442 1837 1502 qui,
1871 1442 1920 1490 id

152 1522 369 1580 argutius
406 1521 741 1579 excogitatum,
787 1533 928 1578 quam
957 1519 1113 1566 verius
1146 1519 1322 1566 dictum
1362 1533 1480 1579 esse,
1524 1535 1620 1567 non
1650 1521 1922 1582 intelligat?

155 1601 306 1659 Quid?
349 1601 471 1661 quod
504 1601 724 1648 iudicium
759 1599 815 1647 de
848 1603 951 1647 toto
983 1599 1085 1647 loco
1120 1599 1167 1646 in
1200 1599 1382 1659 legibus
1418 1600 1576 1661 posito
1613 1615 1720 1650 cum
1753 1602 1921 1651 iudicio

152 1695 308 1730 rerum
341 1695 370 1728 a
406 1694 456 1729 se
489 1685 731 1740 gestarum
766 1679 1016 1728 cohaerere
1061 1679 1209 1727 dicit?
1229 1679 1284 1740 ¹).
1359 1680 1528 1728 Nonne
1571 1681 1688 1730 haec
1730 1696 1921 1744 quoque

153 1762 216 1808 ad
249 1761 620 1821 perturbandam
664 1760 870 1807 iudicum
919 1764 1123 1807 mentem
1161 1760 1331 1807 callide
1376 1760 1487 1808 ficta
1539 1776 1641 1810 esse
1684 1766 1923 1823 apparet?

154 1841 323 1889 Nonne
346 1840 512 1888 eadem
536 1840 660 1888 clare
684 1838 964 1900 significant,
1001 1839 1130 1888 illum
1150 1840 1210 1887 ad
1243 1841 1563 1901 superandum
1586 1842 1916 1892 adversarium

154 1922 212 1969 de
247 1921 421 1969 auxilio
463 1921 621 1981 legum
653 1921 937 1981 desperare?
1001 1920 1088 1969 His
1124 1922 1337 1981 inprimis
1374 1924 1640 1984 perpensiS,
1684 1939 1777 1972 non
1810 1940 1919 1985 pos-

152 2015 339 2062 sumuS,
383 2002 495 2062 quin
539 2015 836 2061 censeamuS,
883 2001 1217 2049 Demosthenis
1261 2002 1631 2062 disputationem
1677 2004 1735 2053 de
1777 2006 1915 2054 modo

152 2081 412 2129 coronandi
441 2081 572 2128 haud
604 2080 702 2128 fere
736 2081 890 2128 minus
923 2081 1064 2141 longe
1096 2095 1125 2128 a
1157 2095 1269 2130 vero
1300 2082 1481 2143 abesse,
1514 2097 1669 2143 quam,
1704 2100 1824 2146 quac
1858 2086 1917 2135 de

150 2161 415 2208 rationibus
448 2160 705 2208 referendis
739 2161 1008 2220 praecedat.

274 2241 374 2288 Iam
410 2253 518 2287 vero
550 2240 897 2288 excutientibus
931 2241 1068 2289 nobis
1108 2241 1213 2301 ipsa
1252 2241 1399 2289 verba
1438 2243 1748 2303 Dionysiacae
1783 2245 1916 2308 legis,

152 2333 272 2380 quae
304 2320 493 2381 quidem
524 2320 585 2367 ab
618 2324 818 2380 utroque
851 2319 1134 2379 afferuntur,
1168 2320 1297 2381 apud
1314 2321 1679 2371 Demosthenem
1700 2328 1914 2386 exceptio

154 2400 256 2448 sola
287 2401 489 2462 legitur,
522 2414 645 2461 quae
680 2405 892 2449 extrema
925 2401 973 2448 in
1003 2400 1107 2461 lege
1141 2400 1372 2449 collocata
1405 2406 1523 2449 erat.
1591 2402 1733 2453 Cuius
1769 2407 1916 2456 verba

152 2495 298 2540 quum
331 2482 458 2541 apud
490 2481 614 2528 hunc
657 2481 751 2533 alia
794 2482 903 2541 sint,
936 2496 991 2529 ac
1024 2495 1147 2541 quae
1179 2482 1304 2542 apud
1339 2482 1545 2530 alterum
1578 2485 1757 2544 scripta
1789 2494 1917 2548 sunt,

150 2563 314 2609 tamen
357 2561 606 2610 maximum
637 2566 687 2609 et
720 2561 1048 2622 gravissimum
1089 2562 1215 2610 inter
1251 2566 1451 2624 utraque
1496 2563 1746 2613 discrimen
1779 2567 1915 2616 nobis

151 2640 443 2689 intercedere
475 2655 568 2689 non
603 2642 802 2704 videtur.
868 2642 1113 2690 Aeschinis
1150 2643 1274 2690 enim
1310 2644 1455 2691 verba
1490 2644 1605 2693 haec
1625 2653 1758 2693 sunt:
1797 2648 1916 2694 »ἐοὶν

150 2722 218 2783 μή
253 2726 538 2788 ψηφίσηται
571 2722 598 2769 ὁ
628 2722 833 2784 δῆμοςεε,
877 2723 1207 2771 Demosthenis
1251 2729 1413 2771 autem
1446 2723 1582 2772 haec:
1630 2722 1790 2785 »πλήν
1825 2722 1916 2770 ἐάν

111 2796 284 2857 ’τινας
325 2800 352 2849 ὁ
400 2802 554 2863 δῆμος
594 2800 626 2866 ἦ
677 2802 704 2865 ἡ
735 2802 889 2865 βουλή
933 2806 1263 2870 ψηφίσηταιικ.
1350 2804 1500 2863 Quum
1559 2808 1719 2851 autem
1770 2803 1915 2852 etiam

147 2894 326 2942 eorum,
360 2896 484 2942 quae
517 2883 840 2942 exceptionem
864 2883 1168 2943 praecedunt,
1201 2885 1356 2932 sinon
1381 2886 1522 2934 verba
1554 2887 1671 2944 ipsa,
1706 2888 1758 2932 at
1782 2889 1912 2933 certe

256 3067 293 3115 1)
323 3066 346 3117 S
376 3066 438 3107 58.
