2063 3494
975 156 1046 208 44

243 314 410 364 Altera
456 316 581 365 ratio
624 315 689 365 ad
731 314 871 365 fidem
916 316 1146 365 orationis
1177 314 1447 365 faciendam
1482 320 1598 366 sunt
1630 330 1785 365 mores
1819 316 1890 365 di-

114 396 289 455 centis,
324 396 384 443 de
416 396 586 456 quibus
609 396 899 445 Matthaeius
932 396 1046 444 dicit
1065 397 1128 456 ¹):
1166 396 1513 456 »Permagnum
1541 397 1663 446 enim
1683 397 1888 445 oratoris

114 474 343 535 interest,
390 475 600 535 aliquam
643 476 692 524 in
732 476 1030 525 auditoribus
1074 474 1132 523 de
1166 489 1217 523 se
1249 475 1515 536 opinionem
1544 481 1647 539 'aut
1681 477 1887 526 excitare

112 558 200 601 aut
231 558 507 615 conceptam
542 554 868 603 confirmare«.
935 556 1086 614 Quum
1116 559 1276 603 autem
1299 555 1572 616 AeschineS‚
1604 571 1698 616 quo
1730 557 1889 604 animo

112 634 376 694 quibusque
421 634 633 682 moribus
679 639 808 682 esset
849 640 938 683 aut
993 640 1124 684 certe
1169 648 1274 683 esse
1315 634 1579 696 videretur,
1629 636 1723 683 iam
1768 637 1888 684 satis

111 712 453 775 significasset,
496 728 689 775 operam
732 714 850 765 dare
895 728 1014 777 opus
1048 718 1179 776 erat,
1222 718 1277 764 ut
1307 717 1583 775 conceptam
1620 715 1889 776 opinionem

110 793 428 842 confirmaret.
494 794 633 852 Quod
662 795 852 855 quidem
877 796 1067 843 omnino
1095 795 1210 843 facit
1235 798 1336 843 toto
1360 794 1543 842 dicendi
1574 808 1760 855 genere,
1792 809 1885 855 quo

108 866 233 921 'alius
269 886 374 921 esse
408 872 624 936 videtur,
669 887 726 922 ac
759 873 946 934 qualem
980 873 1308 922 adversarium
1349 872 1501 935 fingit
1574 873 1706 933 Quod
1741 888 1885 935 quum

110 953 159 1000 in
193 953 347 1019 omnis
380 953 700 1001 contentionis
743 958 920 1002 natura
967 954 1172 1014 positum
1215 954 1304 1015 sit,
1352 954 1682 1014 negligendum
1725 957 1800 1002 est
1837 958 1886 1001 et

108 1032 200 1081 hoc
231 1036 421 1080 tantum
453 1033 807 1094 quaerendum,
855 1047 967 1081 num
1011 1034 1060 1081 in
1115 1033 1258 1081 certis
1303 1034 1587 1094 quibusdam
1626 1034 1740 1083 locis
1775 1047 1885 1082 suos

107 1125 267 1161 mores
296 1111 485 1174 planius
521 1113 826 1174 expresserit.
906 1113 1002 1162 Sed
1046 1113 1317 1174 paucissimi
1359 1114 1586 1162 eiusmodi
1626 1113 1716 1162 loci
1756 1114 1886 1162 inve—

108 1193 322 1240 niuntur.
388 1193 575 1241 Primus
607 1197 681 1241 est
712 1194 758 1240 in
793 1193 819 1254 ἕ
847 1196 901 1240 61
931 1194 1020 1241 sub
1042 1193 1136 1253 fin.‚
1171 1193 1250 1241 ubi
1283 1193 1493 1241 modeste
1524 1197 1669 1254 atque
1704 1194 1885 1241 urbane

108 1286 212 1320 cum
243 1272 482 1321 iudicibus
516 1285 663 1333 agens
696 1272 900 1334 speciem
935 1273 1137 1321 modesti
1168 1276 1314 1333 atque
1346 1272 1513 1320 urbani
1542 1272 1745 1320 hominis
1766 1286 1884 1333 prae

106 1365 159 1400 se
189 1352 298 1400 fert.
363 1352 605 1401 Secundus
640 1357 715 1400 est
742 1353 792 1400 in
826 1353 852 1414 ξ
886 1356 974 1400 118
1006 1352 1152 1412 med.‚
1193 1352 1276 1399 ubi
1315 1366 1498 1400 summa
1539 1352 1781 1401 iracundia
1811 1353 1882 1399 in-

107 1431 400 1480 flammatum
435 1446 486 1480 se
514 1445 619 1481 esse
642 1432 770 1493 dicit,
806 1446 952 1493 quum
974 1432 1022 1479 in
1048 1432 1444 1493 Amphictyonum
1466 1432 1661 1482 concilio
1685 1431 1881 1480 crimina.

103 1512 165 1560 ab
197 1512 508 1573 Amphissaeo
541 1512 621 1561 illo
655 1513 704 1560 in
738 1512 953 1560 Athenas
986 1513 1112 1560 iacta
1141 1513 1415 1561 audivisset·
1459 1527 1581 1574 qu0,
1612 1513 1798 1573 patriae
1830 1526 1882 1559 se

104 1593 484 1640 amantissimum
528 1606 656 1652 esse,
699 1591 967 1652 significare
1009 1592 1124 1640 vult.
1199 1592 1391 1640 Tertius
1437 1606 1580 1653 porro
1623 1593 1670 1640 in
1709 1592 1736 1653 ἐ
1774 1594 1878 1652 127,

102 1672 185 1720 ubi
212 1672 421 1720 studium
445 1672 664 1720 veritatis
689 1672 839 1737 pluris
867 1686 918 1720 se
941 1672 1210 1730 aestimare,
1244 1685 1383 1732 quam
1402 1673 1642 1721 hominum
1660 1672 1880 1731 gratiam,

104 1751 314 1799 simulat.
378 1752 594 1812 Denique
628 1758 831 1812 quartus
866 1752 914 1800 in
947 1751 973 1812 ξ
1006 1755 1110 1812 128,
1146 1751 1241 1812 ubi,
1275 1756 1460 1813 optanS,
1495 1766 1555 1800 ne
1586 1765 1679 1812 qua
1712 1752 1879 1800 civitas

102 1832 390 1882 Graecorum
426 1833 624 1881 eandem
658 1832 977 1881 calamitatem
1021 1845 1077 1880 ac
1116 1831 1326 1880 Thebani
1360 1831 1585 1892 accipiat,
1627 1831 1881 1880 humanum

101 1926 158 1960 ac
189 1913 540 1961 misericordem
575 1914 782 1960 animum
817 1917 1044 1961 ostentat.
1110 1912 1196 1960 Cui
1217 1913 1343 1960 adde
1365 1913 1517 1961 locum
1548 1912 1646 1974 ing
1674 1917 1733 1960 78
1758 1913 1877 1973 init.‚

100 1992 185 2041 ubi
219 1997 391 2054 negat,
437 2008 488 2042 se
530 1993 808 2042 adversario
855 1993 1161 2041 domesticam
1194 1992 1294 2041 eius
1340 1992 1660 2042 calamitatem
1695 1992 1879 2042 crimini

97 2071 226 2121 dare.
1482 2087 1486 2090 ·

223 2152 433 2200 Maxime
454 2167 565 2200 vero
596 2153 751 2200 oratio
777 2153 824 2200 in
848 2153 1138 2201 concitandis
1174 2152 1606 2213 permovendisquel
1638 2152 1873 2200 mentibus

94 2237 343 2282 versatur:
389 2232 529 2282 modo
573 2232 835 2282 inflammat
876 2233 1021 2295 iram,
1067 2233 1205 2281 modo
1249 2232 1457 2281 incendit
1499 2231 1681 2293 odium,
1728 2231 1870 2279 modo

93 2313 264 2362 incutit
299 2314 531 2375 timorem,
565 2314 703 2382 modo
737 2313 880 2362 affert
910 2313 1168 2373 fastidium,
1204 2313 1343 2361 modo
1371 2305 1566 2361 adducit
1597 2312 1657 2361 ad
1690 2313 1872 2360 miseri-

92 2394 315 2443 cordiam.
393 2395 630 2443 Describit
675 2395 930 2443 Aeschines
973 2394 1300 2443 adversarium
1348 2394 1534 2455 patriae
1578 2393 1869 2454 proditorem

91 2475 169 2535 (cf.
199 2475 224 2536 ἓ
252 2478 310 2522 66
330 2489 448 2536 sqq.,
484 2475 582 2537 §91
603 2490 722 2536 sqq.,
757 2475 782 2537 ἓ
810 2479 898 2523 103
917 2489 1036 2536 sqq.,
1066 2475 1092 2537 ξ
1117 2479 1380 2534 113-114,
1415 2475 1441 2536 ἓ
1475 2477 1599 2535 143),
1633 2473 1868 2521 hominem

92 2560 193 2604 tam
227 2556 462 2616 venalem,
508 2561 562 2604 ut
602 2558 748 2604 etiam
791 2557 894 2604 aliis
939 2556 1193 2616 largitione
1237 2555 1472 2615 corruptis
1502 2554 1766 2603 mercedem
1798 2554 1871 2602 in-

89 2636 259 2685 videat
293 2636 370 2696 (cf.
409 2636 434 2697 ἓ
469 2636 574 2698 81),
610 2651 742 2698 eum,
778 2638 860 2697 qui
894 2651 1059 2685 rursus
1092 2638 1209 2697 ipse,
1243 2635 1368 2697 quod
1402 2635 1626 2696 voluerit,
1660 2649 1869 2683 corrum-

91 2717 249 2778 pendo
274 2703 405 2764 ‘alios
439 2719 662 2777 consequi
689 2717 883 2764 studeat
907 2717 983 2777 (cf.
1007 2716 1033 2777 ξ
1060 2718 1155 2776 62),
1190 2716 1425 2764 hominem
1455 2716 1647 2776 impium
1679 2716 1727 2763 in
1754 2715 1867 2763 deos

89 2801 142 2846 et
176 2797 351 2845 liberos
396 2796 473 2857 (cf.
508 2795 538 2859 ἕ
574 2800 782 2858 66-67,
827 2796 852 2858 ξ
891 2800 1004 2858 106,
1047 2796 1073 2859 ξ
1112 2799 1382 2858 130-131;
1419 2796 1445 2859 ξ
1483 2797 1586 2858 77),
1636 2794 1867 2857 perfidum

89 2879 136 2926 in
172 2879 347 2928 amicos
382 2878 459 2939 (cf.
494 2878 521 2941 ξ
554 2879 659 2940 81),
695 2878 839 2927 verbo
874 2878 1061 2939 quidem
1096 2878 1425 2937 fortissimum,
1461 2877 1545 2927 sed
1577 2891 1632 2925 re
1664 2877 1865 2924 maxime

87 2960 305 3008 timidum
338 2965 387 3008 et
422 2960 647 3020 ignavum
682 2959 758 3020 (cf.
794 2960 819 3020 ἕ
853 2964 936 3021 81,
969 2960 995 3021 ἓ
1034 2964 1303 3021 148—151,
1341 2960 1366 3021 g
1405 2958 1692 3019 159-161),
1723 2972 1865 3018 porro
1921 3027 1923 3031 V

192 3135 233 3181 1)
264 3132 365 3172 Pars
396 3131 453 3182 ΙΙ,
485 3137 583 3171 sect.
615 3132 664 3171 V.

1976 267 2002 281 N
