2063 3494
985 139 1019 189 4

110 300 283 349 ardore
320 300 526 361 quodam
561 299 705 348 animi
741 299 857 347 nihil
891 299 1036 347 illum.
1060 300 1247 360 dixisse,
1283 315 1433 361 neque
1465 301 1723 362 quidquam
1755 300 1886 351 aliud

110 381 282 441 fuisse,
339 394 482 442 quam
530 379 817 428 causidicum
861 393 1063 441 eumque
1108 380 1297 429 malum.
1375 381 1470 430 Sed
1522 396 1609 442 ego
1654 381 1885 443 existimO,

111 467 197 510 aut
229 462 348 509 nihil
380 462 535 509 minus
570 460 867 520 Ciceronem,
901 476 1040 522 quam
1075 462 1389 520 causidicum,
1433 467 1516 510 aut
1547 464 1690 511 etiam
1726 476 1886 511 omnes

111 556 310 603 magnos
363 545 579 590 oratores
630 542 816 590 Atticos
872 542 1134 591 causidicos
1189 541 1350 591 fuisse.
1427 542 1550 590 Nam
1591 544 1748 603 ipsum
1792 543 1887 591 De-

110 622 404 671 mosthenem
448 636 541 670 non
586 635 698 669 raro
744 623 792 669 in
828 622 1094 670 manifestis
1127 622 1327 670 fallaciis
1359 622 1738 683 turpissimisque
1769 623 1887 670 arti-

108 703 227 751 ficiis
262 702 579 762 deprehendi,
626 706 735 762 post
778 702 955 750 multas
999 707 1048 750 et
1090 707 1342 751 accuratas
1386 704 1597 750 virorum
1640 703 1884 751 doctorum

109 783 412 845 quaestiones
442 781 608 842 negari
647 796 743 829 non
786 784 959 843 potest.
1034 782 1134 830 Iam
1178 797 1315 843 vero,
1364 797 1506 844 quum
1548 786 1597 831 et
1639 782 1884 831 rhetorum

106 865 215 912 libri
250 864 309 911 ab
344 864 428 921 iis,
460 863 540 923 qui
570 867 789 910 oratores
820 862 972 910 futuri
1007 867 1169 923 erant,
1214 863 1574 924 lectitarentur,
1625 868 1674 912 et
1706 865 1883 911 artium

109 945 307 1005 regulae
330 942 848 1004 praestantissimorum
868 947 1112 990 oratorum
1131 943 1355 1003 exemplis
1372 944 1745 1003 illustrarentur,
1776 945 1883 1004 quis

111 1030 200 1086 est,
234 1025 315 1085 qui
341 1038 432 1071 non
459 1023 704 1082 concedat,
738 1021 800 1069 ad
821 1021 961 1082 plane
985 1022 1343 1083 intelligendam
1369 1027 1512 1083 atque
1535 1023 1883 1071 aestimandam

107 1105 324 1166 quamvis
368 1103 670 1163 antiquitatis
715 1103 978 1149 orationem
1033 1102 1220 1149 illarum
1282 1103 1440 1162 legum
1486 1103 1883 1151 scientiam-esse

108 1185 462 1234 necessariam?
509 1183 643 1241 Quae
677 1196 766 1242 τρε,
811 1196 961 1242 nuper
995 1182 1184 1230 demum
1219 1183 1431 1243 cognita,
1476 1198 1603 1232 nunc
1634 1182 1884 1231 manifesta

107 1271 156 1315 et
187 1266 403 1314 confessa
437 1268 511 1311 est
535 1263 589 1323 ¹).
666 1262 833 1322 Itaque
865 1261 992 1309 haud
1023 1263 1161 1322 pauci
1195 1262 1393 1310 multum
1427 1264 1608 1311 versari
1640 1264 1687 1311 in
1720 1263 1881 1311 studio

105 1347 351 1394 rhetorum
376 1347 633 1404 coeperunt
663 1346 712 1389 et
747 1342 849 1402 alii,
883 1356 1006 1402 quae
1030 1356 1088 1390 ex
1112 1343 1238 1390 omni
1260 1347 1367 1390 arte
1392 1343 1663 1403 cognitione
1682 1344 1883 1391 maxime

107 1428 250 1487 digna
283 1426 386 1472 visa
419 1428 557 1483 sunt,
613 1437 669 1470 ex
713 1422 903 1470 illorum
946 1423 1134 1483 scriptis
1178 1428 1520 1483 excerpserunt
1566 1427 1615 1471 et
1657 1424 1707 1471 in
1745 1423 1880 1471 brevi

104 1510 364 1565 conspectu
402 1506 694 1564 posuerunt,
743 1503 823 1549 alii
857 1502 1072 1561 singulos
1115 1502 1241 1550 locos
1276 1503 1454 1562 passim
1488 1503 1878 1564 explanaverunt,

104 1587 187 1633 alii
219 1584 473 1632 nonnullas
509 1582 750 1630 orationes
782 1582 933 1641 ipsius
969 1582 1089 1629 artis
1124 1595 1291 1633 norma
1324 1582 1719 1641 ponderaverunt.

230 1664 303 1713 Ad
343 1663 466 1711 hanc
506 1661 707 1710 eandem
748 1675 835 1721 ego
878 1675 1001 1709 nunc
1044 1662 1104 1709 de
1146 1661 1229 1709 illa
1260 1661 1505 1710 Aeschinis
1548 1663 1764 1711 oratione
1804 1676 1880 1710 re-

104 1751 289 1794 centem
323 1729 656 1805 quaestionem
688 1743 935 1788 instituam
968 1746 1029 1801 et,
1063 1746 1244 1802 quanta
1267 1756 1369 1790 cum
1397 1747 1504 1790 arte
1529 1743 1879 1804 prudentiaque

104 1828 316 1876 oratoria
350 1839 408 1872 ea
440 1823 700 1883 composita
734 1823 822 1882 sit,
867 1823 1168 1882 examinabo,
1212 1823 1438 1882 neglectis
1471 1827 1628 1869 tamen
1665 1823 1879 1870 omnibus

101 1906 239 1967 nugis
274 1910 418 1965 atque
445 1902 654 1963 ineptiis,
688 1902 855 1963 quibus
875 1901 1132 1949 multorum
1154 1901 1397 1949 rhetorum
1428 1901 1538 1949 libri
1560 1900 1727 1950 referti
1755 1906 1879 1950 sunt.

103 1988 257 2044 Quum
291 1990 479 2042 autem,
512 1984 735 2043 quoniam
766 1982 983 2029 rhetores
1014 1983 1200 2042 antiqui
1235 1982 1428 2042 docent,
1467 1983 1672 2029 oratoris
1703 1996 1877 2029 munus
1928 1988 1931 1992 ‘

100 2069 149 2115 in
182 2066 336 2115 tribus
369 2064 667 2125 potissimum
701 2062 845 2110 rebus
877 2063 1162 2123 consistere,
1213 2062 1259 2110 in
1292 2063 1598 2127 inveniendo,
1638 2063 1688 2110 in
1721 2063 1879 2123 dispo-

99 2146 282 2207 nend0,
325 2145 374 2192 in
418 2142 706 2203 eloquendO,
755 2142 890 2189 initio
932 2141 1047 2188 mihi
1091 2142 1389 2202 propositum
1435 2141 1627 2203 fuisset,
1674 2143 1787 2203 quid
1827 2143 1876 2190 in

99 2228 271 2275 harum
305 2238 593 2284 unaquaque
624 2222 881 2283 perfecisse
919 2222 998 2270 ille
1039 2222 1304 2281 videretur,
1344 2223 1618 2283 complecti,
1659 2238 1768 2271 mox
1807 2224 1877 2271 in—

100 2306 289 2367 tellexi,
338 2305 553 2353 futurum
601 2316 731 2364 esse,
776 2306 832 2350 ut
878 2302 1067 2350 libellus
1110 2296 1263 2350 'maior
1307 2301 1470 2364 fieret,
1521 2316 1661 2364 quam
1701 2307 1874 2353 natura

98 2391 238 2437 huius
279 2385 516 2435 scribendi
559 2385 747 2444 generis
792 2383 1084 2431 concederet.
1159 2384 1327 2442 Itaque
1369 2383 1572 2443 placuit,
1614 2385 1876 2431 elocutione

98 2481 298 2530 prorsus
320 2466 509 2524 omissa,
542 2469 730 2512 tantum
760 2477 838 2511 res
861 2463 921 2511 ab
957 2468 1148 2511 oratore
1179 2463 1398 2512 inventas
1421 2477 1678 2525 earumque
1699 2468 1877 2513 tracta-

99 2550 275 2595 tionem
310 2559 366 2593 ac
400 2547 548 2593 totius
577 2545 809 2591 orationis
844 2544 1198 2604 dispositionem
1232 2548 1471 2603 spectare,
1505 2545 1647 2590 immo
1683 2558 1793 2594 vero
1815 2558 1875 2592 ne

97 2628 418 2677 inventionem
452 2625 640 2686 quidem
674 2626 891 2684 persequi
934 2629 1102 2671 totam.
1187 2623 1332 2683 Nam,
1381 2637 1526 2684 quum
1568 2624 1632 2671 ad
1676 2624 1876 2684 explica-

98 2709 278 2755 tionem
313 2719 471 2753 rerum
505 2718 534 2752 a
566 2703 885 2751 Demosthene
920 2702 1104 2762 publice
1138 2707 1384 2762 gestarum
1420 2703 1669 2764 venissem,
1706 2717 1876 2752 rursus

97 2788 333 2847 intellexi,
366 2786 628 2833 diiudicare
661 2785 710 2831 in
744 2797 800 2830 ea
832 2797 942 2830 vera
976 2797 1031 2830 ac
1063 2782 1211 2843 falsa,
1251 2787 1322 2843 et,
1359 2784 1471 2844 quid
1507 2784 1564 2831 de
1598 2798 1788 2844 quaque
1821 2797 1875 2830 re

100 2868 187 2915 viri
221 2867 346 2915 docti
381 2866 640 2926 sentirent,
686 2864 946 2925 respicere,
994 2868 1248 2924 separatae
1296 2865 1541 2913 cuiusdam
1580 2865 1875 2925 quaestionis

206 3041 248 3089 1)
279 3038 338 3077 Cf.
360 3037 409 3077 R.
426 3035 675 3077 Volkmanni
700 3035 1017 3086 Hermagoram,
1045 3035 1176 3087 praef.
1196 3049 1236 3087 p.
1251 3037 1300 3078 V.
1324 3042 1365 3077 et
1379 3036 1611 3088 Kayserum
1627 3036 1668 3077 in
1690 3035 1873 3077 editione

99 3101 394 3153 Cornificiana,
423 3103 552 3152 praef.
582 3115 622 3152 p.
654 3103 706 3152 V,
737 3105 779 3141 et
806 3102 848 3141 in
877 3101 1011 3141 Iahnii
1040 3101 1255 3142 annalibus
1285 3103 1410 3151 1866„
1426 3114 1468 3153 p.
1495 3101 1583 3142 837.
