2063 3494
1004 37 1072 86 55

152 202 337 253 iudiciis
379 202 658 249 tractentur.
734 196 919 246 Iudices
967 197 1014 244 vi
1067 209 1123 243 ac
1167 194 1494 254 magnitudine
1549 195 1757 241 criminis
1801 195 1918 241 adeo

154 296 250 330 non
281 279 475 340 moveri,
505 281 560 327 ut
593 292 654 327 ne
686 276 944 326 attendant
972 275 1161 336 quidem
1193 274 1397 334 animOS,
1429 287 1574 334 quum
1604 274 1918 322 accusationis

151 360 342 411 libellus
374 359 617 421 recitetur,
652 372 757 407 eum
788 359 966 417 autem,
992 355 1075 417 qui
1109 354 1371 403 surrexerit
1401 353 1465 403 ad
1498 352 1830 414 accusandum,
1863 357 1919 401 ut

150 454 204 490 se
237 439 475 501 defendat,
512 439 628 499 cogi,
660 441 711 485 et
742 441 911 485 contra
945 450 1078 482 reum
1111 436 1399 483 accusatoris
1420 438 1583 495 partes
1616 435 1706 482 sibi
1735 448 1921 482 sumere

148 524 249 580 aut,
281 520 323 568 si
355 519 546 579 quando
579 530 680 566 rem
704 517 858 577 ipsam
887 510 1112 575 atti'ngat,
1146 529 1240 563 non
1271 513 1492 576 probare,
1525 527 1595 575 ea,
1629 527 1751 574 quae
1783 526 1921 574 roga-

151 599 301 661 verit,
334 612 430 647 non
460 609 567 646 esse
598 594 782 656 legibus
827 594 1173 655 repugnantia,
1207 594 1318 655 sed,
1363 594 1457 642 iam
1488 601 1633 642 antea
1663 594 1806 653 ali05‚
1841 594 1921 653 qui

148 679 324 728 similia
354 676 653 738 rogaverint,
698 674 908 723 iudicum
940 674 1190 722 sententiis
1222 674 1468 723 absolutos
1502 688 1632 735 esse,
1678 687 1919 722 excusare.

151 759 226 806 Ex
257 757 354 818 his,
398 756 586 805 etiamsi
616 755 874 802 Aeschines
920 768 1021 801 rem
1063 754 1361 813 aliquantum
1403 754 1785 814 exaggeraverit,
1830 753 1920 800 hoc

151 842 316 888 tamen
346 836 502 885 elucet
539 862 591 869 —
637 834 688 882 id
729 833 854 895 quod
895 833 1002 882 aliis
1047 847 1233 894 quoque
1274 834 1498 895 exemplis
1541 837 1591 882 et
1632 833 1917 882 testimoniis

153 915 464 965 confirmatur
495 924 556 949 —'-
602 914 652 962 in
695 914 957 962 actionibus
997 913 1279 962 violatarum
1324 913 1483 974 legum
1526 914 1667 974 illud,
1710 912 1836 973 quod
1868 913 1917 959 in

148 995 475 1045 controversia
505 994 624 1043 iuris
657 996 865 1055 positum
899 998 1017 1055 erat,
1049 1008 1147 1041 non
1178 994 1245 1041 ita
1278 993 1498 1055 religiose
1534 1007 1703 1042 curare
1735 993 1916 1042 iudices

147 1075 314 1125 solitos
349 1088 482 1137 esse,
528 1079 579 1123 et
621 1074 682 1123 ob
723 1074 845 1122 hanc
888 1075 1039 1136 ipsam
1083 1087 1272 1122 causam
1316 1074 1424 1122 huic
1466 1074 1642 1122 rationi
1673 1074 1915 1122 minimum

146 1155 452 1204 tribuendum
485 1168 591 1203 esse
616 1154 820 1202 forsitan
851 1160 1004 1215 putes.
1068 1154 1163 1202 Sed
1190 1155 1460 1202 accuratius
1481 1169 1581 1202 rem
1602 1155 1917 1215 perpendenti

146 1234 314 1284 similis
346 1233 488 1282 huius
520 1233 610 1282 loci
642 1234 764 1282 ratio
796 1247 899 1282 esse
933 1233 1172 1281 videbitur
1210 1237 1354 1294 atque
1388 1234 1541 1295 illius,
1587 1248 1726 1296 quem
1770 1234 1913 1282 modo

153 1313 463 1362 ostendimus.
528 1312 684 1371 Quum
715 1313 841 1360 enim
881 1317 1042 1361 orator
1073 1327 1349 1373 expressam
1383 1318 1435 1361 et
1475 1314 1710 1361 illustrem
1751 1308 1918 1373 imagi-

146 1407 255 1441 nem
287 1392 686 1453 perturbationiS,
729 1406 822 1453 qua
862 1393 1048 1440 laboret
1084 1393 1133 1440 id
1165 1406 1315 1452 genus
1342 1392 1642 1452 iudicio-rum,
1677 1393 1917 1441 describat

144 1486 204 1522 ac
233 1473 537 1534 superiorum
569 1476 838 1534 temporum
869 1473 1177 1522 severitatem
1211 1472 1438 1534 conferat,
1471 1473 1784 1522 Athenienses
1815 1477 1917 1521 tur-

144 1554 411 1615 pitudinem
443 1554 587 1602 moris
602 1592 614 1614 ,
647 1555 696 1601 in
729 1568 867 1613 quem
898 1554 1101 1601 fortasse
1136 1554 1455 1614 imprudentes
1491 1554 1783 1614 inciderant,
1818 1569 1914 1602 non

144 1634 447 1694 intellexisse,
477 1633 639 1695 putari
660 1648 754 1682 non
780 1630 973 1695 potest.'
1023 1634 1138 1693 Quis
1163 1648 1244 1683 eos
1265 1638 1431 1683 tantae
1453 1633 1688 1683 stultitiae
1709 1640 1918 1696 accuset,

146 1717 204 1764 ut
248 1727 344 1763 non
396 1714 591 1764 meliora
640 1719 770 1763 certe
814 1714 1019 1762 viderint
1064 1728 1121 1761 ac
1170 1714 1511 1775 probaverint?
1586 1715 1652 1762 Et
1700 1717 1914 1775 quamvis

144 1807 319 1854 magna
348 1799 481 1841 esset
512 1795 584 1841 vis
617 1794 768 1840 malae
801 1794 1164 1851 consuetudinis,
1200 1796 1270 1841 ita
1298 1799 1355 1841 ut
1386 1796 1719 1854 propensiores
1752 1802 1914 1844 essent

143 1871 208 1921 ad
241 1872 536 1934 sequendum
567 1873 835 1933 deteriora,
878 1886 1074 1932 prorsus
1107 1887 1201 1921 non
1245 1874 1528 1923 commoveri
1567 1887 1730 1923 eorum
1766 1875 1914 1924 animi

143 1953 223 2023 vii}
250 1956 488 2013 poterant.
563 1952 694 2000 Idem
735 1953 830 2001 iam
865 1954 1082 2013 queritur
1115 1953 1368 2002 Aeschines
1395 1954 1444 2001 in
1478 1955 1715 2015 oratione,
1765 1970 1911 2015 quam

141 2038 312 2083 contra
337 2033 640 2082 Timarchum
668 2032 838 2082 habuit
856 2034 923 2095 ¹):
968 2070 980 2080 .
999 2070 1012 2081 .
1046 2034 1176 2093 „Kal
1210 2032 1415 2081 πάντων
1448 2030 1759 2083 εἰδικώτατον
1792 2037 1910 2092 ἔθος

122 2112 212 2168 ,εἰς
240 2112 356 2168 τούς
385 2113 576 2174 α’γῶνας
614 2112 990 2174 παραδέχεσθε·
1038 2115 1156 2161 ἐᾶτε
1196 2116 1289 2175 γάρ
1331 2115 1446 2170 τούς
1488 2116 1913 2178 ἀπολογουμένους

139 2192 537 2254 ἀντικατηγορεῖν
596 2196 695 2243 τῶν
725 2194 1152 2257 μκατηγορούντων
1204 2201 1322 2243 etc.«
1381 2201 1431 2243 et
1482 2197 1624 2256 paulo
1676 2211 1823 2257 supra
1844 2199 1910 2257 ²):

142 2270 309 2332 »ὥσθ’
339 2272 368 2320 ὁ
394 2276 490 2334 μὲν
523 2273 715 2336 φεύγων
745 2273 1023 2337 κατηγόρει,
1056 2275 1083 2322 o‘
1111 2276 1168 2322 δὲ
1199 2278 1478 2338 κατηγορῶν
1509 2277 1748 2338 ἐκρίνετο,
1782 2276 1828 2324 οἱ
1850 2278 1907 2324 δὲ

149 2353 395 2415 δικασταί,
428 2344 500 2400 αἷν
527 2357 621 2415 μὲν
655 2346 786 2417 ἦσαν
820 2355 1065 2416 δικασταί,
1098 2355 1427 2415 ἐπελάθοντο,
1461 2348 1531 2402 ὦν
1561 2357 1608 2403 δ’
1643 2357 1731 2403 οὐκ
1763 2351 1908 2420 ἦσαν,

143 2433 261 2495 περὶ
293 2432 481 2481 τοίτων
510 2431 733 2496 ἤκουον“·

268 2502 398 2563 Scite
429 2527 570 2575 porro
603 2514 897 2575 comparatio
920 2513 1278 2576 Aristophontis
1312 2519 1361 2563 et
1394 2516 1589 2577 Cephali
1622 2517 1800 2566 inserta
1834 2525 1909 2567 est

142 2591 191 2653 (ἓ
226 2594 348 2655 194).
413 2593 536 2642 Nam
569 2594 648 2643 ille
679 2608 776 2644 non
809 2594 970 2656 modo,
1006 2609 1151 2656 quum
1184 2596 1467 2656 reipublicae
1496 2603 1766 2658 praeesset,
1801 2613 1911 2659 per-

140 2685 286 2733 saepe
313 2672 595 2735 offendisse‚
637 2675 722 2723 sed
760 2676 905 2723 etiam
948 2676 1095 2724 vitam
1135 2677 1372 2737 privatam
1414 2690 1508 2724 non
1546 2678 1615 2724 ita
1656 2692 1826 2737 puram
1860 2685 1910 2727 et

145 2752 382 2814 integram
397 2753 572 2803 vixisse
585 2758 635 2803 et
656 2769 712 2803 ex
735 2759 938 2816 utraque
958 2769 1103 2804 causa
1124 2755 1256 2804 haud
1276 2756 1530 2805 iucundam
1551 2759 1624 2805 sui
1639 2761 1911 2808 memoriam

247 3011 291 3061 1)
318 3008 342 3062 ἓ
372 3012 461 3052 178.
514 3012 553 3064 2)
582 3011 605 3063 S
635 3012 720 3053 175.
751 3013 940 3054 Ceterum
969 3011 1062 3053 vide
1089 3016 1217 3054 totum
1248 3014 1384 3055 locum
1414 3027 1440 3056 a
1468 3016 1492 3068 S
1523 3016 1738 3058 173—179.
