2063 3494
976 75 1042 125 39

124 236 485 285 Demosthenem
518 235 592 284 hic
635 236 898 297 insimulat,
941 237 1119 296 partim
1164 249 1358 296 prorsus
1401 238 1629 284 ementita
1666 252 1721 286 ac
1752 238 1887 298 falsa,

123 316 301 377 partim
342 314 482 365 valde
525 316 712 365 detorta
757 330 877 365 esse.
966 317 1126 374 Quare
1170 317 1313 363 etiam
1356 316 1449 363 alio
1495 316 1676 363 dicendi
1719 332 1889 377 genere

121 397 297 455 utitur,
341 399 485 458 atque
528 397 576 444 in
609 395 931 457 superioribus
964 395 1104 455 lociS,
1150 395 1231 442 ubi
1273 396 1321 442 in
1367 395 1470 442 solo
1508 395 1608 442 fere
1649 397 1886 455 praesidio

120 476 279 537 legum
322 477 460 526 nixus
497 481 617 526 erat.
693 476 796 524 Hoc
838 478 981 536 caput
1017 488 1109 522 non
1142 474 1291 522 habet
1324 475 1583 536 simplicem
1622 489 1779 523 rerum
1811 490 1890 523 ex-

120 558 403 619 positionem
447 562 496 606 et
539 556 726 606 dicendi
767 556 1167 616 moderationem,
1215 569 1356 617 quam
1398 555 1690 604 conscientia
1733 556 1889 604 iustae

118 652 289 687 causae
319 640 442 687 ferre
475 637 610 697 solet,
642 636 725 684 sed
756 650 938 685 summa
970 637 1105 697 copia
1136 641 1185 683 et
1219 637 1454 684 varietate
1488 636 1804 685 conviciorum
1838 641 1886 685 et

118 719 460 768 calumniarum
490 717 866 778 facetiarumque
897 717 1266 777 asperrimarum
1299 716 1529 765 abundat.

848 954 1013 1017 Caput
1051 954 1163 1004 VII.

117 1071 238 1122 lle
268 1069 466 1122 tel-tn
501 1070 1159 1134 argumentationis
1195 1069 1340 1123 loci
1374 1072 1590 1135 parte
1623 1069 1888 1135 prima.

246 1202 316 1249 Ac
346 1201 500 1261 prima
534 1200 720 1261 quidem
749 1216 861 1262 pars
893 1202 1172 1249 brevissima
1201 1206 1275 1250 est
1307 1230 1367 1237 —-
1401 1202 1730 1263 complectit-ur
1763 1202 1887 1249 enim

115 1285 303 1330 tantum
339 1285 436 1329 tres
468 1281 796 1342 paragraphos
827 1281 873 1344 (g
906 1283 1111 1343 51—53)
1142 1308 1202 1315 ——
1234 1282 1318 1331 sed
1352 1296 1526 1342 magua
1556 1296 1660 1330 cum
1695 1285 1802 1330 arte
1831 1295 1888 1329 ac

116 1362 383 1409 calliditate
415 1361 602 1415 omnino
630 1362 906 1420 composita.
972 1362 1179 1408 Recusat
1201 1363 1328 1409 enim
1350 1362 1621 1419 AeschineS,
1652 1363 1889 1422 privatam

119 1442 268 1490 vitam
291 1440 629 1489 Demosthenis
656 1442 939 1500 examinare,
972 1441 1100 1501 quod
1134 1442 1323 1501 longum
1349 1442 1424 1489 sit·
1447 1456 1602 1502 quum
1634 1455 1747 1489 vero
1772 1455 1890 1489 non-

115 1521 247 1568 nulla
280 1534 337 1568 ex
368 1520 451 1567 illa
475 1520 725 1580 depromta
750 1533 835 1580 per
859 1521 1266 1580 praeteritionem,
1301 1534 1440 1581 quam
1462 1525 1646 1580 vocant,
1679 1521 1889 1579 attingit,

118 1615 214 1647 non
246 1601 385 1648 modo
418 1614 494 1648 res
529 1601 758 1659 quasdam
782 1615 891 1648 vere
921 1601 1076 1648 factas
1106 1602 1154 1648 in
1180 1601 1386 1649 iudicum
1408 1601 1681 1649 memoriam
1705 1600 1892 1660 redigit,

117 1681 204 1728 sed
236 1681 403 1740 etiam,
433 1683 488 1728 ut
520 1680 580 1728 de
613 1680 840 1728 aliis‘aut
870 1680 993 1729 fictis
1027 1684 1112 1728 aut
1144 1680 1346 1728 detortis
1379 1695 1541 1729 eorum
1575 1680 1892 1740 suspicionem

114 1763 452 1821 commoveret,
500 1759 706 1809 fortasse
750 1760 916 1809 effecit.
996 1760 1150 1810 Unum
1193 1764 1353 1810 tamen
1398 1764 1494 1822 est,
1541 1761 1591 1808 in
1633 1774 1724 1821 quo
1770 1775 1890 1821 eum,

117 1854 264 1901 quum
297 1841 438 1888 nimio
468 1841 777 1889 simulationis
810 1841 970 1888 studio
1004 1840 1290 1901 traheretur,
1326 1855 1545 1902 peccasse
1578 1842 1884 1890 arbitramur.

117 1920 254 1977 Quod
296 1921 419 1967 enim
463 1921 773 1979 suspicionem
816 1920 1122 1979 deprecatur,
1170 1925 1412 1981 tamquam
1455 1921 1693 1980 privatam
1740 1922 1888 1968 vitam

114 2000 446 2049 Demosthenis
477 2004 732 2059 propterea
765 2000 970 2059 omittat,
1001 2004 1057 2047 ut
1090 2000 1197 2047 huic
1231 1998 1528 2059 gratificetur
1555 2003 1639 2047 aut
1676 2000 1887 2048 civitatis

112 2080 369 2127 utilitatem
399 2080 599 2140 prodat,
644 2081 751 2140 quis
783 2084 879 2141 est,
927 2081 1007 2141 qui
1047 2080 1138 2128 hac
1178 2080 1432 2128 simulandi
1477 2081 1677 2128 audacia
1711 2086 1761 2128 et
1804 2081 1890 2128 im-

114 2161 348 2222 pudentia
404 2176 500 2211 non
560 2160 905 2223 obstupescat?
996 2160 1186 2219 Quanto
1249 2160 1400 2220 magis
1458 2160 1659 2209 iudicum
1711 2161 1890 2208 animos

115 2241 322 2290 offensos
364 2255 471 2289 esse
515 2244 771 2302 putemus?
849 2243 952 2289 Nisi
996 2243 1119 2289 forte
1159 2243 1264 2301 quis
1300 2243 1474 2289 ironice
1508 2242 1590 2288 illa
1623 2242 1750 2288 dicta
1785 2255 1890 2288 esse

117 2324 397 2371 arbitratur.
461 2324 560 2370 Nos
594 2323 783 2382 quidem
816 2323 865 2370 in
892 2337 997 2370 eam
1018 2323 1284 2382 opinionem
1307 2322 1482 2370 adduci
1504 2337 1596 2370 non
1620 2336 1889 2382 possumus

115 2416 264 2464 quum
299 2401 571 2461 Aeschines,
606 2401 737 2449 nulla
772 2402 864 2450 alia
890 2415 954 2463 re,
986 2402 1078 2450 nisi
1109 2402 1366 2450 communis
1396 2402 1566 2449 salutis
1600 2415 1728 2462 cura,
1763 2416 1890 2449 com-

116 2487 323 2543 motum,
369 2484 716 2531 accusationem
749 2497 800 2530 se
833 2484 1120 2543 suscepisse,
1154 2484 1410 2530 identidem
1443 2487 1698 2529 asseveret.
1766 2483 1894 2530 Finit

117 2563 240 2610 hanc
269 2568 481 2623 partem,
528 2563 834 2623 apostrophe,
877 2578 1017 2624 quam
1061 2568 1257 2623 vocant,
1304 2562 1660 2623 Ctesiphontem
1710 2568 1891 2623 pet-ens.

115 2643 189 2691 Ea
222 2657 278 2691 ex
311 2642 496 2691 duabus
530 2644 806 2704 sententiis,
839 2644 1170 2705 interrogandi
1204 2644 1357 2691 forma
1389 2643 1644 2704 expressiS,
1689 2648 1894 2702 constat,

114 2737 322 2784 quarum
356 2724 511 2784 prior,
547 2725 850 2772 conclusione
887 2739 942 2772 ex
975 2726 1054 2786 iis,
1088 2739 1209 2785 quae
1242 2724 1545 2785 praecedunt,
1579 2723 1760 2782 effecta,
1798 2739 1892 2771 non

113 2803 320 2865 quidem*
353 2803 562 2862 definite,
602 2805 709 2865 sed,
759 2804 819 2852 ad
871 2806 1147 2853 universum
1192 2819 1343 2865 genus
1392 2805 1610 2852 oratione
1657 2805 1897 2864 traducta,

113 2884 482 2933 Demosthenem
530 2899 623 2932 non
667 2899 841 2933 corona
869 2899 1016 2934 aurea
1061 2886 1380 2945 afficiendum,
1426 2885 1509 2933 sed
1546 2884 1898 2946 reprehenden-

113 2965 224 3014 dum
253 2979 382 3026 esse,
429 2966 690 3026 significat,
739 2967 1002 3026 posterior,
1039 2967 1417 3027 Ctesiphontem,
1467 2966 1547 3028 qui
1580 2981 1760 3027 poenas
1800 2968 1895 3030 det,

112 3045 313 3107 dignum
344 3060 476 3108 esse,
510 3061 566 3095 ex
600 3046 770 3095 iisdem
798 3047 892 3096 illis
927 3047 1177 3096 concludit.
1313 3044 1322 3049 ’
