2063 3494
966 141 1038 194 48

123 320 291 355 versus
321 304 519 354 Hesiodi
551 303 829 353 accomodat
863 304 909 365 (ξ
930 302 1052 367 135),
1084 316 1238 352 noune
1271 301 1386 354 haec
1418 304 1595 364 optime
1617 312 1891 366 comparata

124 393 237 436 sunt
271 387 333 435 ad
366 386 574 435 iudicum
607 385 791 433 animos
824 384 918 432 iam
952 384 1111 446 aliquo
1142 384 1308 432 dolore
1353 389 1595 444 permotos
1629 399 1685 434 eo
1719 385 1895 433 maiore

124 469 232 517 odio
264 481 321 516 ac
352 479 504 527 paene
532 465 742 526 quodam
776 463 972 513 horrore
1003 464 1251 526 perniciosi
1278 463 1480 513 hominis
1512 464 1897 526 persuadendos?

124 551 219 609 Ac,
261 561 321 595 ne
363 546 572 608 spatium
616 545 674 593 iis
717 544 858 592 detur
900 544 962 592 ad
1004 558 1055 592 se
1100 544 1387 604 colligendos
1433 559 1582 605 exque
1623 544 1713 593 hac
1752 543 1896 593 animi

123 628 375 676 affectione
406 626 738 687 expediendOS,
772 638 964 673 causam
998 628 1047 673 et
1079 625 1308 685 originem
1340 624 1543 674 foederis
1567 624 1782 673 Thebani
1816 639 1896 673 ex-

122 710 395 771 positurus,
443 707 574 754 illum
606 720 712 755 cum
744 705 801 753 iis
831 704 1099 753 hominibus
1139 708 1407 766 comparat,
1450 699 1650 765 quorum
1695 705 1896 765 insignis

124 789 359 850 quaedam
390 787 675 848 improbitas
696 786 892 835 Graecis
920 785 971 833 in
1001 776 1251 847 proverbio
1284 790 1404 847 erat,
1437 790 1485 833 et
1504 786 1624 834 alias
1643 788 1893 835 verborum

125 869 439 918 contumelias
472 867 599 915 iacit.
671 866 829 926 Igitur
860 865 909 914 in
944 879 1000 915 eo
1034 879 1220 926 quoque
1253 865 1507 915 artificium
1538 867 1679 915 huius
1714 867 1897 927 digres-

126 951 273 999 sionis
309 948 543 1002 cernitur,
581 946 706 1007 quod
742 959 835 994 non
867 945 1008 994 modo
1042 946 1217 994 iniecta
1256 946 1488 1007 orationi,
1531 947 1612 995 sed
1643 947 1727 1007 iis,
1771 959 1894 1007 quae

123 1033 406 1091 sequuntur,
438 1040 649 1076 connexa
681 1029 769 1075 est.

254 1108 530 1158 Sententiae
577 1111 763 1167 autem,
820 1105 988 1166 quibus
1040 1105 1298 1155 Aeschines
1349 1108 1690 1168 expositionem
1736 1121 1894 1157 rerum

126 1195 371 1250 gestarum
405 1187 647 1246 distinxit,
690 1186 864 1247 partim
914 1187 1269 1234 narrationibus
1318 1191 1402 1235 aut
1449 1189 1741 1256 argumentis
1774 1192 1897 1236 tam-

126 1284 267 1329 quam
314 1266 542 1328 prooemii
586 1266 691 1313 loco
735 1266 1165 1334 praecedu11t,-ut
1216 1267 1528 1314 attentionem
1583 1268 1792 1315 excitent
1846 1273 1896 1315 et

125 1347 480 1409 praeiudicatas
510 1346 751 1405 opiniones
785 1350 1074 1405 removeant,
1108 1346 1262 1406 qualis
1296 1360 1353 1394 ea
1385 1351 1480 1407 est,
1513 1360 1652 1408 quam
1687 1346 1744 1396 de
1777 1348 1898 1395 acci-

124 1428 308 1489 piendis
342 1426 611 1474 rationibus
654 1426 705 1472 in
740 1425 765 1486 ἓ
800 1429 858 1472 59
889 1425 1115 1488 legimus;
1159 1427 1334 1486 partim
1378 1427 1425 1474 in
1468 1427 1635 1475 mediis
1676 1427 1769 1476 illis
1810 1432 1895 1475 aut

126 1507 352 1557 extremis
381 1507 568 1567 positae
597 1510 725 1565 sunt,
758 1509 814 1553 ut
843 1519 951 1554 cum
988 1505 1196 1566 quadam
1214 1506 1453 1566 gravitate
1483 1512 1567 1556 aut
1599 1507 1896 1557 vehementia

125 1587 329 1636 orationi
361 1586 588 1633 maiorem
623 1584 765 1632 fidem
797 1589 849 1632 et
879 1585 1175 1645 splendorem
1209 1586 1427 1634 afferant.
1494 1587 1596 1645 Quo
1631 1602 1689 1635 ex
1721 1601 1897 1648 genere

127 1668 331 1714 maxime
354 1665 553 1724 insignis
578 1677 636 1711 ea
655 1668 744 1723 cst,
778 1677 899 1724 quae
922 1663 1077 1711 forma
1096 1665 1459 1725 enthymematis
1482 1681 1540 1714 ex
1559 1668 1895 1730 pugnantibus,

127 1748 252 1807 quod
285 1750 481 1805 vocant,
513 1745 560 1791 in
592 1744 622 1805 ἓ
657 1747 715 1791 78
748 1757 973 1803 expressa
1006 1748 1080 1792 est
1113 1749 1162 1792 et
1192 1746 1386 1806 probat,
1421 1747 1575 1806 qualis
1609 1748 1717 1808 quis
1752 1750 1816 1797 sit
1846 1751 1896 1798 in

127 1828 227 1876 vita
258 1826 471 1888 privata,
514 1824 660 1872 talem
696 1837 802 1872 esse
835 1824 979 1872 etiam
1011 1824 1210 1885 publice'
1254 1825 1382 1887 quod
1419 1830 1586 1887 genus
1608 1830 1896 1889 permultum

127 1909 287 1957 valere
315 1907 377 1954 ad
411 1901 820 1967 persuadendum,
863 1909 1028 1952 auctor
1072 1909 1148 1953 est
1181 1905 1456 1954 Cornificius
1477 1908 1531 1969 ¹).
1596 1909 1731 1957 Aliae
1760 1910 1899 1972 duae,

127 1990 176 2037 in
199 1988 365 2036 mediis
388 1986 531 2035 rebus
560 1986 759 2047 positae,
792 1989 985 2034 exstant
1017 1986 1066 2033 in
1097 1985 1152 2048 ἓξ
1171 1989 1231 2034 88
1256 1991 1306 2035 et
1325 1987 1399 2037 99.
1465 1988 1536 2036 Ex
1557 1989 1615 2037 iis
1631 1995 1896 2052 praeterea,

126 2081 253 2130 quae
282 2070 613 2128 argumentum
643 2070 730 2113 aut
760 2066 1079 2114 narrationem
1112 2067 1321 2127 aliquam
1354 2068 1654 2131 concludunt,
1698 2073 1898 2122 maxime

128 2149 300 2208 dignae
333 2151 460 2206 sunt,
492 2160 691 2206 quarum
726 2147 903 2194 mentio
936 2146 1036 2206 fiat,
1068 2160 1140 2204 ea,
1173 2161 1297 2207 quae
1329 2147 1388 2195 de
1414 2148 1588 2198 tabulis
1613 2151 1811 2210 publicis
1845 2155 1895 2201 in

129 2228 155 2290 ἕ
182 2232 239 2275 75
274 2226 403 2275 dicta
435 2230 525 2287 est,
559 2231 608 2273 et
638 2225 754 2274 illud
787 2225 1112 2287 epiphonema,
1146 2226 1269 2287 quod
1300 2227 1349 2275 in
1376 2227 1401 2290 ξ
1431 2232 1518 2276 147
1535 2229 1613 2277 fin.
1647 2230 1820 2292 legitur
1837 2235 1895 2294 ²).

128 2310 282 2366 Quam
319 2308 413 2355 vim
446 2307 659 2354 habeant
686 2306 975 2366 sententiae,
1019 2311 1147 2354 recte
1180 2307 1384 2368 explicat
1417 2308 1716 2372 Cornificius,
1750 2328 1895 2374 quum

129 2389 246 2437 dicit
262 2390 333 2448 ³):
381 2387 567 2445 »Quum
599 2386 669 2434 ita
705 2385 759 2448 (i.
794 2400 834 2434 e.
871 2384 1005 2448 raro)
1040 2387 1430 2450 interponentur,
1462 2389 1661 2438 multum
1695 2391 1901 2443 afferent

127 2469 408 2518 ornamenti.
487 2467 692 2515 Necesse
732 2470 807 2514 est
849 2466 971 2514 enim
1010 2480 1116 2514 eam
1159 2469 1434 2528 comprobet
1479 2471 1652 2520 tacitus
1693 2474 1898 2534 auditor,

128 2563 276 2610 quum
319 2548 382 2596 ad
431 2561 624 2596 causam
673 2547 832 2594 videat
874 2546 1169 2595 accomodari
1206 2561 1305 2596 rem
1353 2557 1557 2611 certam,
1605 2565 1662 2599 ex
1711 2553 1812 2602 vita
1850 2560 1899 2603 et

128 2629 342 2679 moribus
386 2632 638 2677 sumtam«.
716 2627 942 2676 Similiter
981 2627 1159 2676 iudicat
1197 2629 1497 2679 Aristoteles.
1567 2632 1722 2694 Adde,
1771 2636 1897 2695 quod

128 2711 205 2760 hic
235 2709 361 2759 idem
393 2709 522 2770 dicit,
553 2708 814 2757 sententias
846 2707 1132 2770 patefacere,
1167 2723 1260 2771 qua
1287 2715 1444 2760 mente
1469 2713 1733 2775 quibusque
1755 2718 1899 2765 mori-

129 2791 219 2839 bus
247 2795 411 2839 orator
435 2790 513 2837 sit.
580 2789 630 2838 Si
650 2803 744 2849 qua
766 2789 914 2848 igitur
932 2789 1099 2837 bonam
1123 2790 1417 2839 voluntatem
1436 2793 1682 2855 exprimat,
1702 2796 1898 2845 eandem

129 2871 355 2931 indicare,
391 2884 512 2931 eum,
547 2884 576 2917 a
599 2883 693 2930 quo
717 2870 962 2918 enuntiata
981 2870 1057 2931 sit,
1095 2870 1269 2918 bonum
1289 2870 1524 2920 hominem
1548 2886 1652 2922 esse
1676 2874 1825 2923 videri
1838 2877 1896 2938 ⁴).

237 3051 279 3102 1)
308 3051 380 3103 IV,
417 3054 477 3103 18,
507 3051 569 3092 26.
627 3054 670 3099 2)
701 3051 751 3092 cf.
783 3051 942 3102 Quinct.
976 3051 1090 3105 VIII,
1119 3053 1156 3100 5,
1192 3055 1236 3092 11
1266 3058 1307 3094 et
1338 3052 1500 3095 Volkm.
1527 3065 1567 3104 p.
1599 3054 1688 3095 254.
1752 3057 1796 3105 3)
1826 3055 1898 3108 IV,

133 3116 192 3168 17,
221 3118 284 3156 25.
339 3116 384 3166 4)
412 3117 516 3157 rhet.
549 3118 601 3168 ΙΙ,
631 3119 678 3156 21
709 3118 786 3158 sub
805 3116 873 3157 fin.
903 3117 1066 3157 Volkm.
1095 3117 1121 3158 1.
1149 3130 1183 3158 c.
