2063 3494
982 69 1049 119 57

137 228 351 277 ordinem
385 226 434 273 in
468 226 650 287 libello,
686 227 831 276 alium
865 230 913 276 in
948 229 1164 276 oratione
1196 228 1299 288 ipsa
1334 231 1559 287 sequutus
1591 232 1731 275 esset.
1796 226 1897 278 Hoc

136 322 187 356 se
218 307 361 366 velle,
402 305 493 354 hoc
525 321 576 356 se
606 307 653 355 in
685 308 843 355 animo
877 308 1081 368 habere,
1124 308 1226 367 ipse
1261 306 1403 367 plane
1446 307 1705 367 significat,
1752 322 1897 368 quum

136 387 248 436 dicit
284 385 332 447 (S
366 388 455 433 202
486 385 565 434 fin.
599 391 649 435 et
676 387 702 448 ξ
736 387 827 435 203
857 387 1007 450 init.):
1052 387 1178 449 ,,ε’γω“
1214 386 1271 433 δὲ
1304 389 1410 443 πῶς
1441 385 1770 451 κατηγόρηκας
1819 386 1901 435 ἵνα

132 468 215 514 καὶ
257 464 532 528 ὑπομνήσω
578 466 720 528 ὑμᾶς·
778 463 893 514 οὔτε
948 468 1036 514 τὸν
1085 467 1211 514 ἴδιον
1251 471 1363 528 βίον
1414 468 1503 515 τὸν
1546 472 1901 530 Δημοσθένους

133 544 376 608 πρότερον
410 546 699 608 διεξῆλθον,
756 544 872 593 οὔτε
913 548 1012 593 τῶν
1052 546 1306 609 δημοσίων
1343 547 1665 609 ἀδικημάτων
1699 547 1902 602 miden-dg

133 624 378 686 πρότερον
416 623 693 688 ἐμνήσθην,
846 624 880 689 ἢ
910 625 1118 673 πάντων
1148 624 1254 687 γ’ἄν
1288 626 1392 689 εἴην
1423 626 1774 688 α’πορώτατος“
1810 632 1898 675 etc.

135 709 185 754 et
230 693 374 765 porro
422 704 448 766 ξ
494 708 613 753 205:
673 703 833 765 »οὕτω
882 706 945 770 δη“
993 706 1075 753 καὶ
1127 706 1216 752 τὸν
1274 710 1607 769 Δημοσθένην
1663 704 1901 763 ἅξιώσατ”

134 784 534 844 ἀπολογεῖσθαιζί
564 788 654 832 etc.

262 865 427 924 Neque
454 879 566 913 vero
587 865 739 925 magis
768 866 816 912 in
840 879 894 913 eo
918 866 1096 913 iudices
1121 866 1372 914 offendisse
1404 866 1628 914 arbitrari
1661 865 1900 925 debemUS,

136 944 263 1006 quod
296 944 550 993 Aeschines
583 958 663 993 eos
695 945 838 993 etiam
872 950 1015 1006 atque
1048 945 1190 994 etiam
1216 949 1399 1006 monet,
1434 959 1492 993 ne
1516 944 1897 1005 Demosthenem,

136 1026 175 1073 si
202 1030 358 1073 tamen
381 1024 528 1072 velint
550 1024 732 1086 audire,
765 1025 858 1073 alio
883 1039 1042 1073 rerum
1068 1025 1245 1085 ordine,
1278 1039 1334 1074 ac
1356 1040 1448 1086 quo
1472 1026 1573 1087 ipse
1602 1027 1650 1074 in
1682 1026 1897 1074 oratione

136 1120 251 1154 usus
274 1106 350 1166 sit,
385 1119 438 1154 se
461 1104 710 1153 defendere
734 1106 907 1153 sinant.
973 1106 1094 1152 Nam
1129 1105 1243 1153 haec
1275 1110 1382 1153 erat
1405 1107 1530 1153 ratio
1553 1120 1646 1153 non
1668 1105 1897 1163 inaudita,

137 1186 223 1234 sed
256 1186 397 1246 plane
435 1186 482 1233 in
524 1176 653 1233 more
692 1199 876 1246 usuque
921 1186 1188 1234 Atticorum
1229 1185 1499 1235 iudiciorum
1542 1186 1714 1246 posita.
1795 1186 1900 1244 Qua

138 1267 197 1315 de
225 1280 278 1314 re
315 1266 530 1314 conferre
562 1266 674 1314 licet
707 1266 886 1327 locum,
921 1267 1002 1327 qui
1033 1266 1082 1314 in
1116 1266 1448 1314 Demosthenis
1481 1267 1698 1314 oratione
1733 1270 1899 1314 contra

137 1347 484 1395 Aristocratem
517 1345 683 1406 est¹),
740 1346 821 1393 ubi
866 1346 968 1405 ille,
1014 1346 1167 1393 tribus
1201 1346 1339 1406 lociS‚
1384 1360 1501 1406 quos
1536 1346 1900 1394 confirmaturus

139 1427 226 1487 sit,
259 1427 533 1487 propositiS,
568 1426 776 1484 iudicum
811 1426 1010 1474 arbitrio
1042 1426 1289 1486 permittit,
1320 1439 1411 1485 quo
1442 1426 1609 1473 ordine
1637 1440 1688 1473 se
1713 1426 1771 1473 de
1804 1426 1900 1473 sin-

140 1507 264 1567 gulis
296 1507 451 1555 dicere
483 1506 638 1554 velint.
722 1507 1019 1567 Quamquam
1062 1506 1139 1554 hic
1179 1506 1320 1566 paulo
1366 1505 1505 1553 aliter
1543 1520 1621 1554 res
1659 1520 1710 1554 se
1742 1505 1902 1566 habet,

137 1602 282 1649 quum
313 1586 675 1647 DemostheneS,
708 1591 762 1636 ut
793 1587 995 1647 speciem
1028 1586 1329 1635 artificiosius
1364 1586 1638 1634 elaboratae
1671 1587 1897 1635 orationis

137 1681 167 1715 a
198 1681 249 1715 se
287 1670 554 1728 removeat,
612 1668 671 1715 de
711 1680 763 1715 se
809 1668 911 1727 ipse
963 1667 1195 1715 iudicibus
1239 1670 1528 1727 potestatem
1573 1666 1730 1714 faciat.
1806 1665 1902 1715 Sed

139 1749 220 1795 alii
252 1748 342 1795 loci
374 1751 626 1813 testantur,
660 1762 782 1807 eum,
817 1748 899 1807 qui
932 1747 1112 1805 orabat,
1141 1747 1283 1794 etiam
1309 1746 1367 1794 de
1396 1746 1655 1793 adversarii
1689 1747 1902 1793 oratione

137 1833 191 1876 ut
214 1827 448 1888 quaedam
470 1827 860 1888 praescriberent,
894 1840 998 1874 cum
1026 1825 1257 1874 iudicibus
1283 1839 1439 1886 agere,
1472 1825 1599 1874 haud
1617 1825 1901 1874 inusitatum

136 1908 301 1968 fuisse3
336 1907 466 1955 velut
498 1907 612 1968 duo,
658 1906 738 1967 qui
779 1906 1003 1966 leguntur
1035 1907 1083 1953 in
1124 1905 1453 1954 Demosthenis
1471 1905 1521 1968 2)
1570 1906 1783 1954 oratione
1816 1904 1901 1953 ad-

138 2002 303 2036 versus
335 1988 567 2035 Boeotum
598 2022 626 2046 „
658 1986 774 2047 περὶ
806 1986 1003 2048 προικὸς
1044 1984 1318 2049 μητρῴαςςζ.
1392 1986 1525 2034 Unus
1561 1990 1637 2034 est
1668 1987 1716 2033 in
1751 1985 1806 2048 ἓξ
1839 1988 1899 2033 45

138 2072 188 2117 et
221 2071 303 2117 47:
337 2067 510 2129 »ὑμεῖς
539 2058 623 2113 δἀῗ
652 2062 831 2127 ἄνδρες
860 2065 1118 2126 δικασταὶ,
1151 2065 1373 2127 μα’λιστα
1403 2069 1522 2128 μὲν,
1555 2064 1727 2128 ὥσπερ
1759 2064 1903 2114 αὐτοὶ

137 2150 224 2196 οὐκ
271 2148 335 2196 ἄν
376 2147 645 2205 α’ξιώσαιτε
687 2150 845 2201 κακῶς
879 2146 1079 2194 α’κούειν
1120 2148 1220 2193 ὑπὸ
1261 2149 1360 2193 τῶν
1399 2147 1648 2208 ὑμετέρων
1691 2148 1903 2205 παίδων,

139 2227 267 2278 οὕτω
305 2229 433 2292 μηδὲ·
487 2226 645 2289 τούτῳ
689 2228 983 2290 ἐπιτρέπετε
1033 2226 1148 2289 περὶ
1200 2229 1291 2274 τοῦ
1342 2227 1531 2290 πατρὸς
1586 2226 1904 2290 βλασφημεῖν

140 2347 151 2358 .
171 2346 183 2357 .
203 2346 214 2357 .
234 2346 245 2357 .
279 2310 542 2373 μηδαμῶς,
588 2301 628 2356 ὦ
658 2306 836 2370 ἄνδρες
867 2308 1119 2367 δικασταὶ,
1164 2307 1293 2354 α’λλοὲ
1324 2307 1546 2367 μα’λιστα
1577 2311 1670 2369 μὲν
1704 2306 1904 2355 κωλύετ’

138 2391 293 2439 αὐτὸν
331 2392 492 2438 ταῦτα
535 2389 729 2436 ποιεῖν“
755 2424 766 2435 .
790 2424 802 2435 .
831 2424 842 2435 .
871 2424 906 2448 .,
956 2388 1079 2435 alter
1121 2388 1169 2435 in
1215 2388 1240 2448 ς’
1275 2392 1354 2435 54ε
1399 2388 1571 2449 »ὑμεῖς
1609 2380 1698 2435 οὖν
1733 2388 1824 2435 εὀέν
1857 2406 1905 2435 τι

139 2474 360 2525 τοιοῦτον
403 2469 717 2531 τεχνάζηται,
783 2468 851 2532 μή
899 2470 1191 2529 ἐπιτρέπετε
1245 2468 1402 2528 αὐτῷ,
1463 2469 1571 2515 ἀλλ’
1613 2468 1903 2528 ἐξελέγχετε,

140 2552 332 2601 καὶ
367 2552 571 2606 ἕκαστος
590 2588 601 2599 .
620 2571 684 2598 .·..
716 2549 931 2606 α’ξιούτω
975 2552 1151 2598 τοῦτον
1188 2544 1543 2598 ἄποδεικνύναι
1575 2551 1748 2611 σαφῶς
1778 2547 1905 2609 ὑπὲρ

142 2625 211 2681 ὧν
243 2631 307 2680 ἄν
339 2622 607 2695 λέγῃ.’...“.
670 2632 927 2679 Praeterea
955 2644 1176 2692 compara
1212 2631 1365 2679 locum
1400 2644 1543 2691 supra
1576 2630 1669 2676 iam
1703 2629 1903 2676 allatum

143 2715 193 2762 in
223 2713 464 2761 Aeschinis
499 2712 712 2760 oratione
745 2716 911 2760 contra
942 2711 1241 2759 Timarchum
1258 2710 1332 2772 ⁸),
1378 2710 1457 2758 ubi
1499 2710 1579 2757 ille
1612 2709 1787 2757 iudices
1821 2709 1906 2757 ad-

140 2794 387 2853 hortatur,
424 2807 482 2841 ne
515 2793 787 2853 patiantur,
822 2791 1183 2840 Demosthenem
1219 2790 1475 2851 quidquam
1509 2788 1742 2850 proferre,
1780 2788 1906 2849 quod

249 2968 290 3013 1)
329 2968 353 3013 s
385 2964 549 3004 18—19.
599 2986 641 2992 -—
703 2967 745 3010 2)
785 2963 990 3003 Incertum
1029 2961 1192 3011 quidem
1230 2966 1314 3010 est,
1352 2974 1446 3002 num
1480 2960 1545 3002 hic
1584 2965 1727 3001 auctor
1763 2961 1828 3002 sit.
1863 2983 1903 2989 -

142 3034 187 3082 3)
215 3034 238 3085 S
269 3033 355 3074 176.
