2063 3494
997 167 1062 216 12

133 325 365 386 oratoriS,
400 325 485 373 sed
518 325 663 372 etiam
696 327 1012 374 attentionem
1046 327 1266 375 excitare.
1332 326 1465 384 Quae
1499 341 1642 389 quum
1676 341 1733 376 ex
1764 328 1906 375 bene-

133 407 344 455 volentia
373 407 477 466 ipsa
511 407 717 465 oriatur,
763 411 864 454 tum
903 409 1105 456 maxime
1140 407 1386 456 sententiis
1422 407 1650 467 efficitur,
1692 421 1814 468 quae
1847 408 1909 455 ad

129 485 317 533 illorum
338 486 596 534 utilitatem
615 485 774 533 autad
796 499 1026 535 summam
1039 486 1373 548 rempublicam
1391 487 1633 546 pertinere
1646 487 1906 536 videantur.

131 566 188 612 In
220 567 310 612 hoc
343 581 527 626 quoque
560 566 815 613 Aeschines
843 564 1108 626 prudenter
1138 572 1186 614 et
1210 568 1335 614 scite
1359 571 1575 614 versatus
1599 573 1686 615 est.
1728 569 1909 615 Edocet

129 645 331 706 iudiceS‚
377 647 628 707 imperium
672 647 833 707 populi
874 661 1024 707 paene
1058 648 1299 695 sublatum
1331 647 1495 695 videri.
1575 647 1697 695 Nam
1731 661 1907 708 paucos

131 726 364 785 quosdam
400 726 611 773 homines
645 729 813 773 contra
846 726 918 774 ius
951 740 1008 774 ac
1038 726 1167 786 leges
1203 727 1362 775 omnia
1391 725 1813 786 moderari‘neque
1844 726 1908 774 ad

132 806 360 865 civitatis,
395 806 481 852 sed
516 806 579 853 ad
612 820 747 853 suam
775 806 1032 854 utilitatem
1062 806 1256 854 referre.
1334 806 1473 864 Quod
1505 806 1594 853 nisi
1625 806 1718 853 illis
1749 819 1912 853 occur-

130 890 282 945 ratur,
313 885 480 946 populi
508 886 758 946 imperium
789 889 839 933 et
870 886 1140 934 libertatem
1169 887 1376 934 omnium
1400 887 1568 934 civium
1594 900 1702 945 mox
1732 885 1910 934 nullam

131 965 247 1013 fore.
325 966 478 1023 Quum
522 969 706 1025 autem,
755 966 938 1013 nullum
984 966 1084 1014 fere
1131 967 1433 1027 antiquitatis
1482 966 1702 1027 populum
1751 965 1912 1024 fuisse,

134 1047 226 1105 qui-
250 1046 489 1094 libertatis
532 1046 769 1094 amantior
811 1046 954 1094 fuerit
1003 1050 1053 1094 et
1095 1047 1201 1106 plus
1246 1047 1294 1094 in
1340 1060 1425 1095 suo
1466 1047 1568 1094 iure
1603 1047 1666 1095 de
1696 1045 1911 1093 maximis

136 1126 282 1173 rebus
318 1126 601 1173 decernendi
641 1126 877 1186 posuerit,
929 1139 1072 1186 quam
1113 1126 1498 1186 Atheniensium,
1541 1130 1750 1186 constet,
1796 1124 1912 1172 nihil

132 1206 488 1253 accomodatius
537 1210 644 1253 erat
685 1206 746 1252 ad
782 1206 987 1253 iudicum
1033 1207 1344 1253 attentionem
1388 1207 1714 1265 excitandam,
1767 1219 1911 1264 quam

132 1288 310 1333 metum
345 1284 403 1332 de
439 1298 497 1332 ea
529 1298 583 1333 re
614 1284 661 1332 in
694 1284 874 1332 animos
904 1284 1107 1333 iniicere.
1173 1284 1310 1346 Nam,
1343 1298 1490 1346 quum
1520 1297 1686 1334 revera
1706 1283 1910 1346 populus

129 1365 411 1425 plerumque
445 1365 494 1412 in
530 1379 786 1425 paucorum
819 1370 1066 1413 oratorum
1101 1370 1187 1412 aut
1217 1366 1572 1426 imperatorum,
1605 1366 1688 1425 qui
1721 1366 1907 1425 ingenio

133 1450 184 1494 et
214 1445 442 1494 facultate
477 1446 661 1495 dicendi
695 1446 876 1494 animos
906 1445 1178 1507 flecterent,
1222 1446 1396 1494 ditione
1429 1450 1478 1495 et
1508 1449 1748 1506 potestate
1779 1450 1911 1494 tene-

132 1530 281 1588 retur,
314 1530 475 1574 tamen
505 1526 779 1587 imprudens
808 1530 857 1574 et
880 1526 1055 1575 inscius
1078 1527 1370 1587 patiebatur.
1402 1527 1481 1587 At,
1514 1540 1657 1587 quum
1683 1526 1911 1574 sensisset

134 1608 301 1656 talium
336 1608 611 1668 imperium,
647 1607 849 1655 eundem
881 1621 1233 1667 nonnumquam
1266 1622 1371 1666 eos,
1417 1607 1600 1655 etiamsi
1638 1622 1730 1655 non
1765 1607 1910 1655 detri-

131 1692 346 1736 mentum
380 1688 675 1748 intulissent,
720 1687 804 1735 sed
850 1688 1027 1748 optime
1065 1688 1222 1735 meriti
1264 1688 1325 1736 de
1360 1687 1553 1736 civitate
1587 1691 1770 1747 essent,
1814 1701 1907 1735 non

131 1768 270 1816 modo
305 1782 334 1815 a
367 1768 609 1827 republica
650 1768 931 1827 removisse,
989 1768 1074 1815 sed
1118 1768 1263 1815 etiam
1308 1768 1440 1814 varia
1482 1780 1634 1827 poena
1680 1766 1909 1826 affecisse,

132 1848 361 1896 memoria
404 1848 687 1912 accepimus.
762 1847 927 1908 Itaque
965 1846 1190 1908 frequens
1236 1862 1291 1895 ac
1336 1847 1451 1895 trita
1495 1850 1735 1895 oratorum
1779 1847 1904 1894 ratio

130 1932 236 1976 erat
255 1929 317 1976 ad
349 1930 669 1976 attentionem
691 1928 1162 1988 benevolentiamque
1186 1942 1363 1988 eorum,
1384 1928 1464 1989 qui
1489 1927 1762 1987 audiebant,
1797 1941 1908 1975 con-

134 2009 408 2067 ciliandam,
441 2013 620 2056 metum
664 2009 723 2055 de
753 2008 914 2068 populi
947 2009 1143 2068 imperio
1182 2009 1350 2056 animis
1383 2009 1587 2056 ini-icere.
1648 2008 1716 2055 Ut
1746 2013 1906 2055 autem

130 2090 335 2149 iudiceS,
379 2089 543 2149 populi
573 2089 820 2148 imperium
854 2089 902 2135 in
940 2089 1142 2136 maximo
1177 2088 1442 2136 discrimine
1474 2088 1681 2148 versari,
1723 2086 1905 2136 facilius

129 2169 427 2230 intelligant,
470 2168 728 2217 Aeschines
764 2169 978 2229 exponit,
1024 2182 1143 2229 quae
1174 2168 1302 2217 illius
1335 2169 1405 2216 vis
1437 2182 1493 2217 ac
1526 2171 1699 2216 natura
1733 2168 1821 2228 sit,
1860 2172 1909 2217 et

131 2265 226 2311 quo
260 2250 320 2297 ab
356 2250 554 2310 imperio
587 2262 847 2310 paucorum
882 2253 930 2296 et
961 2264 988 2296 a
1024 2249 1272 2309 tyrannide
1306 2249 1509 2297 differat.
1584 2249 1767 2297 Eadem
1801 2263 1908 2297 sen-

131 2332 285 2379 tentia
329 2344 442 2378 usus
489 2334 564 2378 est
622 2330 671 2377 in
727 2330 945 2378 oratione
994 2334 1159 2378 contra
1202 2330 1526 2391 Timarchum,
1580 2343 1682 2390 cap.
1726 2330 1798 2389 II,
1858 2334 1908 2377 et

131 2412 398 2459 mirandum
433 2411 648 2471 videtur,
692 2411 821 2470 quod
862 2424 1011 2470 paene
1055 2411 1223 2458 iisdem
1267 2410 1449 2469 verbiS‚
1497 2410 1666 2469 quibus
1700 2410 1793 2457 illic
1827 2425 1907 2457 ex-

130 2506 300 2554 pressa
332 2495 426 2553 est,
472 2490 547 2540 hic
577 2491 781 2552 repetita
815 2505 871 2539 ea
906 2490 1106 2551 legitur,
1155 2489 1264 2551 sed,
1311 2493 1364 2538 ut
1396 2489 1497 2551 ipse
1529 2489 1610 2537 illo
1643 2489 1747 2538 loco
1778 2489 1905 2551 dicit,

129 2574 346 2634 quamvis
390 2586 531 2633 saepe
575 2572 870 2631 audiverint,
914 2585 1018 2618 eam
1054 2575 1213 2618 tamen
1255 2584 1284 2618 a
1323 2584 1377 2617 re
1417 2569 1545 2617 haud
1578 2569 1784 2618 alienum
1816 2571 1906 2619 sibi

126 2653 277 2702 videri
326 2654 375 2701 in
425 2655 699 2701 memoriam
752 2652 956 2700 iudicum
999 2652 1240 2711 redigere,
1305 2652 1374 2699 ita
1419 2650 1496 2699 hic
1539 2650 1734 2699 eandem
1777 2651 1905 2699 haud

128 2738 323 2794 temere,
362 2733 447 2781 sed
479 2733 720 2793 ingenium
743 2732 1103 2779 Atheniensium
1136 2731 1393 2792 respiciens
1426 2736 1763 2791 oratorumque
1797 2745 1909 2779 con-

125 2815 423 2863 suetudinem
473 2827 677 2873 sequens
729 2813 963 2872 recepisse
1016 2811 1216 2859 videtur.
1308 2811 1566 2859 Praeterea
1612 2810 1765 2859 officio
1818 2824 1904 2858 suo

124 2895 304 2944 iudices
339 2894 586 2943 defuturos
619 2907 725 2942 esse
756 2892 919 2952 docet,
972 2891 1035 2952 si,
1080 2894 1134 2938 ut
1175 2891 1302 2951 leges
1342 2895 1478 2939 ratae
1523 2890 1620 2939 sint
1663 2894 1711 2938 et
1745 2889 1906 2938 obser-

122 2981 321 3036 ventur,
365 2989 461 3022 non
496 2978 676 3023 curent.
767 2974 868 3021 Illis
904 2973 1025 3020 enim
1071 2971 1411 3031 rempublicam
1444 2986 1474 3019 a
1507 2970 1677 3018 ceteris
1726 2971 1904 3020 civibus

123 3057 261 3116 quasi
284 3056 580 3104 commissam
608 3069 726 3103 esse.
772 3054 931 3113 Quid?
962 3053 1087 3113 quod
1109 3053 1400 3101 iureiurandi
1421 3051 1720 3100 commonet?
1750 3066 1906 3101 nonne

120 3136 239 3184 haec
276 3150 465 3196 quoque
499 3136 562 3183 ad
596 3136 903 3183 attentionem
938 3133 1200 3182 faciendam
1236 3132 1540 3181 accomodata
1574 3128 1722 3180 sunt‘?
