2063 3494
999 108 1029 159 5
1060 134 1065 139 .

136 282 256 317 esse.
285 322 287 324 ,
322 270 624 331 Quapropter
655 271 714 318 de
745 270 834 318 hoc
877 273 980 317 toto
1024 269 1126 316 loco
1168 267 1284 315 nihil
1328 266 1456 313 aliud
1498 264 1735 325 proferam
1751 301 1762 322 ,
1808 262 1901 309 nisi

136 349 310 411 quibus
350 351 467 399 artis
502 351 753 413 praesidiis
797 349 1174 409 adiumentisque
1217 347 1511 396 extrinsecus
1549 343 1802 405 quaesitis,
1845 347 1903 390 ut

134 430 197 477 ad
228 430 369 478 fidem
401 430 665 481 habendam
708 431 913 480 iudicum
950 430 1094 477 animi
1138 429 1471 490 propensiores
1505 429 1691 484 essent,
1737 426 1902 470 orator

132 524 249 559 usus
283 511 361 559 sit.

261 591 380 653 Sed,
433 593 707 653 priusquam
756 589 1008 652 praefandi
1059 589 1199 637 finem
1252 588 1444 648 faciam,
1505 586 1625 635 haec
1681 581 1901 632 addenda

133 671 369 720 videntur.
434 673 574 721 Haud
602 674 672 720 ita
704 672 829 719 enim
855 671 1070 718 dissimili
1087 669 1240 728 mod0,
1273 655 1363 729 quo
1392 682 1477 728 ego
1504 667 1644 715 huius
1669 664 1900 713 orationis

135 766 213 801 res
252 756 460 802 tractare
505 753 555 801 in
597 753 756 800 animo
802 750 979 812 habeo,
1032 751 1088 799 R.
1121 749 1375 798 Dahmsius
1413 749 1462 797 in
1507 746 1666 795 libello
1713 744 1900 794 »studia

134 831 527 881 Demosthenica«
589 832 815 893 inscripto
836 832 875 893 ¹)
942 835 1125 892 partem
1184 843 1345 878 rerum
1398 843 1427 877 a
1478 827 1793 877 Demosthene
1849 826 1899 872 in

135 914 350 960 oratione
384 913 610 960 adversus
645 913 954 959 Timocratem
987 913 1289 959 inventarum
1332 909 1620 957 examinavit
1652 912 1726 967 et,
1774 919 1898 966 quae

132 996 415 1051 argumenta
449 1006 506 1040 ac
544 993 755 1040 rationes
790 992 928 1039 firma
966 996 1015 1039 et
1061 991 1221 1051 utilia,
1260 1004 1381 1051 quae
1425 989 1612 1037 infirma
1650 993 1700 1036 et
1737 987 1899 1035 inania

134 1076 314 1133 essent,
350 1073 546 1121 censuit.
612 1073 667 1121 In
702 1086 792 1133 quo
825 1071 1038 1133 equidem
1073 1071 1175 1119 viro
1209 1071 1482 1118 acutissimo
1516 1074 1566 1117 et
1599 1069 1648 1117 in
1680 1068 1767 1116 hoc
1791 1067 1898 1115 lite·

134 1166 296 1200 rarum
331 1166 502 1213 genere
534 1153 736 1201 multum
769 1153 1027 1201 exercitato
1053 1166 1147 1200 non
1175 1152 1422 1211 assentior,
1453 1150 1578 1211 quod
1597 1154 1694 1197 tam
1721 1150 1895 1197 multas

130 1228 341 1281 rationes
384 1232 543 1281 futiles
597 1247 700 1281 esse
747 1233 995 1289 iudicavit,
1056 1232 1139 1280 sed
1190 1232 1433 1292 existimo,
1493 1231 1742 1292 aliquanto
1789 1229 1896 1290 plus

131 1312 464 1360 Demosthenis
495 1313 663 1360 iudicio
706 1327 808 1360 esse
847 1312 1173 1372 tribuendum,
1215 1312 1495 1372 praesertim
1535 1324 1681 1370 quum
1715 1309 1898 1357 multae

132 1392 363 1439 eiusmodi
395 1393 606 1440 rationes
640 1394 766 1452 apud
798 1393 918 1440 alios
942 1406 1129 1452 quoque
1156 1397 1370 1439 oratores
1402 1405 1545 1451 saepe
1578 1390 1896 1438 inveniantur.

131 1472 209 1520 Ita
241 1458 289 1519 in
322 1471 410 1521 hac
444 1473 658 1520 oratione
692 1472 954 1532 complures
987 1472 1197 1519 rationes
1244 1485 1433 1519 censere
1480 1470 1701 1519 debemus
1745 1470 1896 1518 multo

131 1551 283 1611 magis
316 1551 377 1598 ad
410 1551 612 1599 iudicum
643 1552 826 1599 animos
862 1551 1116 1599 movendos
1149 1551 1342 1599 idoneas
1375 1549 1547 1610 fuisse,
1580 1563 1721 1610 quam
1745 1550 1896 1611 primo

131 1631 677 1692 adspectu'videantur.
759 1632 877 1680 Nam
929 1632 1041 1693 quid
1089 1636 1311 1693 putemus
1354 1631 1528 1691 fuisse,
1588 1630 1715 1691 quod
1758 1630 1898 1678 homo

130 1712 399 1773 prudentia,
426 1726 532 1774 usu,
556 1713 894 1761 exercitatione
915 1712 1163 1773 praeditus
1187 1713 1234 1760 in
1268 1715 1368 1760 tam
1399 1712 1575 1760 multas
1605 1721 1655 1759 et
1686 1711 1898 1759 infirmas

131 1793 340 1846 rationes
365 1792 700 1840 delaberetur?
734 1793 890 1850 Quid?
920 1793 1042 1852 quod
1067 1793 1319 1839 nonnullae
1343 1806 1503 1839 earum
1529 1806 1558 1838 a
1581 1792 1900 1853 Demosthene

129 1870 329 1931 aliisque
358 1872 628 1920 oratoribus
658 1873 707 1920 in
743 1872 971 1920 similibus
1006 1872 1145 1920 rebus
1177 1872 1424 1932 causisque
1455 1870 1736 1921 afferuntur.
1796 1871 1899 1920 Hoc

130 1956 262 1999 certe
294 1952 394 1999 sine
427 1951 524 2000 ulla
556 1951 852 2000 dubitatione
894 1957 1109 2000 statuere
1148 1952 1276 2013 licet,
1318 1956 1373 2001 ut
1411 1951 1645 2001 firmiores
1687 1952 1898 2000 rationes

129 2033 395 2092 comparari
429 2047 524 2080 non
557 2037 768 2093 possent,
803 2047 989 2093 semper
1011 2034 1173 2081 utilius
1206 2034 1367 2093 fuisse,
1403 2033 1601 2080 infirmis
1628 2034 1699 2081 uti
1725 2047 1898 2094 easque

131 2111 329 2161 dicendo
362 2126 536 2174 augere
569 2116 618 2162 et
650 2113 837 2174 tollere,
869 2127 1013 2175 quam
1048 2113 1261 2175 proferre
1295 2114 1482 2161 omnino
1519 2113 1689 2179 nullas,

253 2193 356 2239 Iam
388 2208 502 2241 vero
546 2194 608 2240 ad
652 2195 942 2254 propositam
985 2210 1081 2241 rem
1127 2195 1460 2254 aggrediamur
1497 2199 1546 2241 et
1585 2196 1787 2255 primum
1827 2195 1898 2241 in—

128 2272 399 2321 ventionem
433 2274 672 2322 orationis
718 2275 1078 2323 consideremus.
1161 2275 1282 2322 Nam
1325 2289 1466 2323 causa
1503 2275 1604 2335 ipsa
1638 2279 1737 2323 tam
1768 2275 1897 2323 clara

128 2357 178 2400 et
211 2354 494 2413 pervulgat-a
528 2358 628 2414 est,
671 2358 750 2414 ut,
793 2368 912 2414 quae
945 2355 1117 2413 fuerit,
1163 2359 1310 2401 antea
1339 2368 1599 2414 exponere,
1643 2369 1741 2402 non
1777 2369 1895 2414 opus

128 2448 232 2481 esse
266 2434 496 2482 videatur.
562 2435 680 2495 Sed,
724 2448 868 2494 quum
900 2435 1110 2483 inventio
1145 2449 1201 2482 ex
1235 2436 1378 2482 variis
1415 2436 1643 2483 orationis
1675 2437 1894 2496 partibus

127 2513 263 2561 varia
297 2514 384 2575 sit,
424 2515 473 2562 in
507 2515 627 2575 quot'
664 2518 713 2563 et
752 2529 868 2576 quas
914 2520 1077 2576 partes
1122 2515 1239 2563 haec
1283 2516 1436 2564 oratio
1472 2515 1607 2564 nobis
1643 2516 1896 2565 distributa

125 2608 229 2641 esse
250 2595 486 2655 videatur,
519 2596 729 2642 breviter
750 2596 1149 2656 praemittendum
1184 2601 1281 2643 est:
1317 2597 1527 2643 rationes
1561 2610 1689 2655 vero,
1723 2598 1894 2655 quibus

126 2673 253 2722 ducti
283 2672 405 2722 hanc
437 2674 589 2735 ipsam
624 2675 979 2737 dispositionem
1014 2676 1344 2736 statuerimuS,
1382 2679 1430 2724 et
1461 2675 1703 2737 iudicium,
1735 2681 1892 2725 utrum

126 2754 379 2803 artificiose
411 2755 763 2816 prudenterque
794 2769 853 2803 an
888 2770 1021 2804 secus
1054 2770 1109 2804 ea
1139 2756 1266 2804 facta
1300 2757 1381 2816 sit,
1416 2761 1548 2817 post,
1583 2757 1624 2803 si
1657 2756 1714 2804 de
1750 2758 1892 2806 rebus

125 2836 252 2901 ipsis·
276 2835 700 2897 disputaverimuS,
736 2836 1086 2897 explicabimus,
1162 2837 1234 2884 Ex
1279 2838 1432 2885 tribus
1468 2842 1631 2885 autem
1675 2839 1893 2898 partibus

234 3011 275 3057 1)
315 3008 463 3049 Editus
502 3014 565 3048 est
602 3008 643 3048 in
681 3014 982 3059 programmate
1018 3010 1219 3062 gymnasii
1258 3010 1428 3060 Gallici,
1464 3009 1573 3060 quod
1604 2989 1787 3052 Berolini
1816 3016 1892 3063 est,

123 3090 160 3119 a.
194 3079 306 3121 1866.
