2063 3494
1003 78 1070 128 53

153 249 358 311 amplius
388 246 436 293 in
467 242 526 290 iis
558 239 696 299 insit,
739 237 866 297 quod
899 237 963 285 ad
991 236 1110 285 bene
1142 234 1418 282 merendum
1449 234 1507 282 de
1539 235 1698 295 patria
1731 237 1915 284 excitet.

155 328 292 390 Quod
324 328 379 374 ut
410 320 563 382 magis
592 317 903 378 intelligatur,
937 316 1072 376 mori,
1104 315 1185 376 qui
1219 319 1322 362 tum
1343 314 1547 375 vigebat,
1580 315 1917 363 auctoritatem

153 408 381 457 maiorum
415 399 628 462 opponit,
663 411 797 458 quos,
831 410 977 457 quum
1009 395 1394 456 frequentissime
1416 394 1685 455 contigerit,
1717 399 1770 443 ut
1791 396 1917 443 viros

151 486 327 548 optime
371 482 430 530 de
461 478 702 541 republica
733 477 925 525 meritos
959 475 1218 524 honoribus
1252 474 1439 523 afficere
1481 479 1699 536 possent,
1751 476 1798 523 in
1842 474 1917 525 his

136 563 412 613 ¹tribuendis
444 560 563 606 adeo
592 571 759 618 parcos
796 557 967 617 fuisse,
1016 557 1240 603 ostendit.
1305 556 1610 617 Persequitur
1642 569 1785 616 quum
1819 557 1915 603 alia

153 643 380 703 exempla,
415 644 518 687 tum
550 638 765 698 maxime,
796 651 891 697 quo
919 638 1131 697 praemio
1165 637 1246 696 illi,
1276 637 1354 695 qui
1388 637 1624 684 civitatem
1652 650 1683 683 a
1716 637 1915 695 triginta

149 721 362 785 tyrannis
395 718 742 778 liberaverant,
788 716 999 766 decorati
1040 716 1159 777 sint,
1204 729 1261 764 ac
1304 719 1548 778 comparat
1592 715 1913 779 Ctesiphontis

150 802 461 862 rogationem,
492 811 615 858 quae
646 799 688 845 si
720 798 1001 858 accipiatur,
1046 797 1232 845 illorum
1263 798 1524 857 praemium
1559 811 1731 845 vanum
1765 802 1913 858 atque

149 882 336 932 irritum
366 891 471 928 esse
515 877 741 926 futurum.
813 877 950 926 Hanc
994 881 1154 925 autem
1197 891 1251 925 eo
1293 878 1521 925 maiorem
1555 892 1658 926 esse
1691 878 1913 926 iniuriam

150 965 296 1021 atque
330 959 638 1019 impietatem,
674 971 768 1017 quo
803 958 956 1005 maius
990 959 1254 1017 praemium
1279 955 1589 1005 Demostheni
1620 959 1726 1006 dari
1760 958 1913 1007 Ctesi-

146 1039 273 1102 phon
302 1038 431 1086 velit.
511 1039 579 1085 Ae
622 1028 835 1098 profecto
880 1038 1036 1085 omnia
1068 1051 1221 1098 paene
1253 1037 1392 1086 huius
1426 1038 1539 1099 loci,
1581 1039 1663 1098 qui
1695 1052 1724 1086 a
1759 1038 1784 1099 ξ
1824 1042 1910 1086 177

150 1131 297 1179 usque
326 1117 387 1165 ad
423 1117 450 1179 ᾗ
488 1120 571 1165 191
607 1117 830 1178 pertinet,
864 1117 927 1164 ad
961 1118 1207 1165 veritatem
1241 1117 1367 1166 dicta
1399 1121 1523 1166 sunt.
1587 1118 1914 1178 AthenienseS,

149 1198 232 1258 qui
273 1197 357 1244 illa
398 1200 559 1244 aetate
606 1201 768 1256 (rant,
812 1211 956 1257 quum
1000 1211 1110 1244 raro
1153 1211 1355 1256 magnae
1396 1198 1609 1245 virtutesr
1645 1211 1702 1245 ac
1745 1198 1915 1245 merita

146 1277 316 1325 civium
348 1276 396 1323 in
431 1276 770 1336 rempublicam
804 1276 1058 1336 elucerent,
1088 1277 1136 1323 in
1158 1276 1458 1336 amplissimis
1480 1277 1700 1336 praemiis
1724 1277 1911 1324 honori-

145 1356 326 1417 busque
372 1355 636 1404 tribuendis
695 1355 834 1404 nimis
896 1356 1120 1417 prodigos
1167 1355 1339 1417 fuisse,
1398 1356 1633 1418 permulta
1696 1357 1910 1419 exempla

148 1433 406 1486 declarant.
472 1437 545 1484 Ex
568 1437 736 1497 quibus
760 1442 813 1485 ut
834 1436 1061 1485 nonnulla
1081 1438 1280 1484 maxime
1304 1437 1626 1485 memorabilia
1645 1437 1912 1498 afferamuS,

149 1517 456 1578 CharidemO,
505 1517 574 1565 illi
609 1518 1005 1565 mercenariorum
1039 1517 1173 1576 duci,
1207 1521 1449 1578 tamquam
1484 1518 1634 1565 amico
1664 1531 1720 1565 ac
1752 1518 1810 1564 de
1840 1532 1914 1564 re-

143 1597 330 1658 publica
345 1596 704 1645 Atheniensium
725 1598 842 1645 bene
866 1597 1050 1658 merite,
1085 1610 1285 1644 coronae
1308 1611 1484 1645 aureae
1507 1597 1680 1658 aliique
1705 1597 1911 1645 honores

144 1677 325 1726 decreti
359 1681 484 1738 sunt,
519 1691 661 1737 quum
695 1678 749 1738 is,
784 1677 847 1725 ad
880 1691 1013 1726 suam
1047 1677 1307 1725 utilitatem
1340 1679 1496 1725 omnia
1520 1678 1743 1737 referenS,
1775 1678 1911 1725 modo

141 1755 375 1817 perfidum
400 1771 450 1805 se
471 1758 782 1818 praebuisset,
818 1757 952 1806 modo
977 1757 1050 1805 vel
1070 1757 1228 1814 ‚hostis
1251 1757 1343 1804 illis
1364 1758 1626 1805 exstitisset
1646 1758 1701 1818 ¹).
1769 1757 1912 1817 Quid,

143 1837 270 1897 quod
302 1838 444 1885 etiam
477 1851 779 1898 percussores
812 1838 1109 1897 amplissimis
1142 1837 1401 1885 honoribus
1434 1837 1564 1897 digni
1596 1837 1745 1885 habiti
1771 1839 1914 1885 sunt?

141 1917 295 1978 Pytho
329 1918 452 1966 enim
485 1922 534 1966 et
567 1917 864 1977 Heraclides,
911 1918 1110 1978 fratres,
1145 1919 1227 1978 qui
1258 1918 1436 1979 Cotyn,
1471 1918 1702 1966 Thraciae
1735 1932 1910 1978 regem,

141 1997 207 2045 ad
250 2001 436 2057 patrem
482 1997 797 2046 ulciscendum
831 1996 1189 2055 interfecerant,
1228 2012 1369 2057 quum
1402 1998 1616 2045 Athenas
1660 1997 1911 2057 fugissent,

140 2077 268 2136 quod
301 2082 357 2125 eo'
389 2077 595 2125 facinore
627 2078 802 2138 optime
836 2076 895 2123 de
934 2077 1177 2137 republica
1218 2078 1375 2124 meriti
1408 2085 1595 2137 essent,
1637 2078 1828 2124 civitate
1862 2084 1912 2123 et

141 2156 324 2204 coronis
357 2157 513 2204 aureis
545 2156 754 2205 decorati
788 2154 982 2217 sunt2).
1047 2157 1262 2216 Denique
1283 2157 1448 2215 paucis
1469 2158 1605 2204 annis
1630 2162 1744 2204 ante
1768 2170 1909 2216 quam

139 2234 256 2283 haec
303 2249 449 2284 causa
487 2240 597 2284 acta
643 2241 740 2296 est,
784 2236 1005 2296 Demadi,
1054 2236 1210 2284 venali
1256 2236 1336 2284 isti
1380 2251 1436 2284 ac
1483 2237 1671 2296 perdito
1715 2237 1913 2293 homini,

140 2308 284 2374 quum
319 2315 499 2364 civitati
531 2329 694 2376 pacem
719 2329 824 2363 cum
847 2315 1117 2364 Alexandro
1132 2316 1493 2376 reconciliasset,
1528 2321 1694 2364 statua
1729 2317 1776 2363 in
1808 2317 1909 2363 loro

140 2396 299 2452 posita
331 2401 448 2443 erat.
514 2396 643 2443 Haec
675 2396 863 2455 quidem
895 2397 1038 2456 ratio,
1073 2397 1114 2442 si
1144 2397 1438 2455 quaerimus,
1476 2411 1585 2442 num
1620 2397 1681 2442 ad
1715 2410 1910 2456 persua-

141 2472 345 2524 dendum
374 2476 683 2524 accomodata
714 2475 871 2537 fuerit,
903 2476 1213 2525 Demostheni
1245 2477 1531 2536 respondere
1556 2477 1742 2536 licebat,
1777 2483 1825 2525 et
1854 2490 1905 2523 re

139 2567 251 2601 vera
282 2555 560 2616 respondet,
592 2569 680 2603 sua
713 2556 883 2604 merita
916 2570 1008 2603 non
1043 2558 1103 2604 ad
1137 2556 1384 2616 maiorum,
1429 2557 1511 2604 sed
1546 2557 1608 2604 ad
1641 2556 1905 2617 aequalium

137 2632 263 2682 facta
296 2649 401 2684 esse
432 2637 715 2684 revocanda.
781 2637 1039 2684 Praeterea
1072 2637 1240 2684 mirum
1273 2651 1365 2685 non
1399 2641 1526 2696 erat,
1560 2651 1664 2684 cum
1697 2637 1907 2684 moribus

141 2726 326 2763 omnem
357 2715 588 2765 honorum
620 2717 851 2765 rationem
882 2717 1111 2778 paulatim
1147 2721 1484 2764 commutatam
1516 2729 1641 2775 esse,
1684 2716 1733 2763 id
1778 2716 1904 2776 quod

140 2794 285 2843 etiam
334 2797 676 2846 Demosthenes
737 2798 786 2845 in
849 2798 1063 2845 oratione
1121 2801 1289 2844 contra
1337 2796 1583 2856 Leptinem
1632 2796 1827 2844 disserit
1848 2802 1906 2856 ³).

136 2872 306 2934 Itaque
337 2877 510 2924 dixerit
541 2877 723 2936 aliquis,
752 2877 880 2925 illam
914 2877 1052 2947 nimis
1090 2876 1404 2924 inveteratam
1426 2876 1521 2923 iam
1555 2875 1717 2937 fuisse,
1751 2890 1908 2942 quam,

243 3054 285 3105 1)
313 3055 364 3098 cf.
381 3055 592 3098 Demosth.
612 3056 656 3097 in
667 3055 910 3098 Aristocrat‚
929 3054 1182 3110 3144-178.
1239 3058 1277 3107 2)
1292 3056 1425 3109 ibid.§
1444 3057 1529 3098 119.
1585 3059 1629 3108 3)
1645 3057 1667 3109 S
1686 3059 1758 3097 112
1771 3058 1902 3097 -115.
